2153 3661
216 719 969 843 GERMANIAE
1036 769 2034 862 ANTIQUISSIMAE

653 963 1003 1027 FLORA
1068 965 1586 1031 PLINIANA;

326 1343 719 1468 Quicunque
767 1387 839 1447 de
876 1387 1224 1448 Germaniae
1270 1392 1486 1449 veteris
1532 1401 1738 1450 natura
1784 1395 2075 1472 scripsere

176 1505 450 1554 auctores
508 1498 944 1571 Romanorum,
1015 1506 1232 1554 terram
1290 1508 1551 1557 nostram
1611 1499 1747 1556 olim
1811 1521 2078 1576 asperam

174 1605 358 1661 fuisse
395 1613 452 1661 et
484 1606 717 1681 penitus
753 1603 1051 1679 incultam⁷
1087 1605 1159 1660 ad
1184 1625 1364 1661 unum
1392 1626 1592 1662 omnes
1621 1608 2009 1663 consentiunt.
2030 1600 2076 1682 1)

179 1710 390 1769 Solum
448 1709 681 1785 sterile,
742 1704 788 1789 2)
854 1732 1063 1791 magna
1132 1734 1206 1769 ex
1271 1722 1439 1791 parte
1506 1713 1665 1770 silvis
1733 1715 1982 1787 invium,
2031 1707 2077 1789 3)

176 1817 490 1896 paludibus
565 1818 843 1893 saeclum,
927 1816 1243 1899 multisque
1310 1819 1645 1898 fluminibus
1716 1820 2076 1898 impeditum.

177 1924 563 1983 Fertilissima
609 1925 738 1983 loca
786 1936 950 1984 erant
996 1929 1150 1986 eirca
1195 1927 1398 1986 silvam
1423 1930 1787 2003 Herciniam,
1836 1923 1882 2006 4)
1927 1927 2079 1985 laeta

177 2031 407 2111 pabulis
454 2035 776 2114 pratisque.
832 2028 875 2111 ⁵)
963 2034 1384 2114 Agriculturae
1433 2036 1711 2094 Germani
1757 2036 2077 2114 antiquitus

178 2159 300 2196 non
345 2138 691 2217 studebant3
735 2134 779 2218 ⁶)
829 2140 1157 2198 civitatibus
1204 2140 1448 2221 singulis
1484 2143 1729 2198 maxima
1761 2140 1887 2198 laus
1933 2149 2080 2217 erat,

183 2269 358 2327 quam
414 2246 724 2306 latissimas
791 2238 1012 2308 circum
1066 2270 1130 2308 se
1189 2250 1429 2308 vastatis
1474 2247 1687 2307 finibus
1735 2246 2078 2310 solitudines

298 2467 346 2520 1)
378 2469 587 2520 Tacitus,
619 2469 826 2512 German.
858 2471 926 2514 11.
961 2471 1107 2526 „Quis
1139 2470 1422 2514 Germaniam
1453 2479 1639 2529 peteret,
1671 2473 1904 2514 informem
1926 2473 2073 2523 terris,

177 2554 377 2595 asperam
411 2541 548 2591 eaelo,
580 2543 752 2583 tristem
785 2544 906 2584 cultu
935 2543 1295 2597 adspectuque?“
1327 2544 1522 2594 Solinus,
1556 2544 1779 2599 Polyhist.
1803 2559 1839 2586 c.
1861 2543 2077 2587 XXXII.

178 2611 372 2661 Strabo,
406 2612 663 2667 Geograph.
695 2613 747 2656 L.
780 2614 893 2657 VII.
932 2615 974 2657 1.
1008 2615 1189 2663 Seneca,
1222 2615 1410 2655 natural.
1443 2616 1685 2670 quaestion.
1718 2603 1814 2658 I'II.
1846 2615 1895 2658 6.
1927 2616 2009 2658 IV.
2033 2614 2078 2656 l.

176 2681 365 2725 Diodor.
417 2683 556 2724 Sicul.
600 2685 776 2727 Histor.
827 2684 884 2728 V.
941 2685 1023 2728 25.
1078 2705 1132 2712 —-
1183 2684 1230 2727 2.
1274 2686 1436 2740 Pomp.
1470 2687 1607 2736 Mela,
1642 2688 1689 2729 S.
1723 2687 1779 2729 Ο.
1811 2689 1911 2730 ΙΙΙ.
1943 2687 1991 2729 5.
2022 2708 2083 2717 -

178 2750 226 2795 5.
258 2753 433 2792 Plinius
465 2753 524 2796 II.
557 2752 612 2795 N.
644 2754 778 2796 XVI.
811 2755 850 2796 I.
884 2755 1069 2804 „Silvae
1098 2761 1237 2797 totam
1272 2757 1558 2797 Germaniam
1587 2756 1789 2811 implent,
1823 2758 2079 2812 adduntque

178 2823 342 2876 frigori
373 2823 578 2863 umbras:
612 2823 855 2863 altissimae
885 2829 1028 2865 tamen
1059 2825 1177 2866 haud
1206 2826 1365 2880 procul
1397 2826 1588 2867 Cauchis
1623 2827 1741 2867 eirea
1772 2828 1878 2868 duos
1910 2828 2077 2882 praeci-

177 2908 264 2951 pue
296 2893 417 2933 lacus
460 2893 592 2934 litora
625 2894 722 2949 ipsa
753 2894 954 2936 ohtiucnt
986 2897 1211 2949 Quercus,
1263 2897 1448 2936 maxima
1479 2898 1691 2938 aviditate
1722 2899 1960 2948 nascen(li;
1989 2900 2080 2940 suf-

177 2965 406 3018 fossaeque
435 2963 643 3005 fluctibus
661 2998 673 3014 ‚
704 2971 779 3006 aut
810 2968 1047 3022 propulsae
1076 2967 1266 3017 flatibus,
1298 2971 1440 3008 vastas
1473 2968 1703 3022 complexu
1733 2969 1930 3009 radicum
1960 2969 2079 3010 insu-

178 3035 245 3076 las
276 3049 424 3075 secum
454 3035 704 3078 auferunt.“
738 3059 793 3066 —
824 3035 872 3079 4.
906 3038 1093 3088 Caesar,
1127 3039 1242 3078 Bell.
1267 3037 1389 3080 Gall.
1422 3038 1503 3081 VI.
1538 3036 1620 3081 274.
1653 3039 1843 3088 Plinius,
1875 3039 1961 3081 IV.
1997 3038 2079 3082 14.

179 3105 299 3150 Mela
332 3111 374 3146 et
387 3105 568 3146 Solinus
599 3105 628 3146 l.
652 3119 689 3146 c.
713 3127 765 3135 —
789 3106 836 3151 5.
867 3107 1043 3150 Plinius
1070 3108 1223 3152 XVII.
1247 3108 1276 3149 sl
1327 3124 1426 3149 nam
1448 3110 1553 3165 quid
1577 3110 1797 3150 laudatius
1816 3110 2080 3150 Germaniae

183 3177 358 3233 pabulis
388 3181 471 3219 eet.
504 3199 561 3208 —-
591 3173 640 3226 6,
672 3175 858 3228 Caesar,
903 3181 959 3222 B.
992 3180 1050 3221 G.
1083 3181 1168 3223 VI,
1203 3179 1285 3222 22.
1319 3202 1372 3209 -
1404 3180 1616 3227 Tacitus,
1658 3179 1866 3223 German.
1899 3178 2080 3223 XXVI·

185 3262 357 3303 „neque
389 3249 503 3290 enim
534 3245 632 3289 'cum
670 3249 870 3291 ubertate
900 3251 984 3291 soli
1014 3251 1167 3295 labore
1197 3252 1493 3299 contendunt,
1534 3254 1583 3292 ut
1622 3251 1819 3306 pomaria
1851 3256 2078 3295 conserant

183 3324 226 3361 et
256 3325 383 3376 prata
410 3321 558 3377 rigent
589 3324 631 3363 et
661 3317 815 3364 hortos
845 3317 1066 3379 sepiautf·
