2153 3661
279 268 442 320 Bello
481 284 640 338 carpe
675 265 883 333 Rosa3‚
921 266 1038 318 l‘ae'ta
1077 265 1266 339 abripe
1303 264 1446 318 Lilia
1484 270 1642 338 paee!

282 353 413 402 Flos
452 351 580 403 Tibi
618 351 952 423 sceptrigero
990 349 1140 403 venit
1177 348 1522 419 generamine
1559 350 1749 416 Jcsse,

173 489 177 490 ⁷
277 434 486 486 {Unicus
519 435 758 505 -antiquae
797 443 1073 505 reparator
1111 433 1297 504 stirpis
1338 444 1390 485 et
1429 434 1669 501 aneton-‚¹

117 518 238 568 425
278 519 424 570 Lilia
468 522 560 592 qui
598 521 782 573 verbis
819 511 1034 591 vitaque
1072 519 1274 572 dicavit
1311 540 1568 586 amoena,

280 604 459 655 Morte
496 605 675 656 Rosas
712 604 958 672 tingens,
994 622 1290 674 pacemque
1327 614 1380 655 et
1415 604 1624 676 proelia
1664 605 1921 658 membris

277 687 469 758 Liquit
507 689 565 741 in
606 689 736 741 orbe
774 689 918 754 suis,
957 689 1211 742 virtutem
1250 693 1526 763 amplexus
1564 702 1866 765 utramque,

277 773 616 846 Praemiaque
652 776 914 827 ambobus
948 794 1171 830 ¹servans
1215 788 1413 830 aeterna
1449 780 1756 852 triumphis.

661 905 841 956 XXV.
914 903 1465 959 DEDICATIO.

273 997 409 1049 Ilaec
446 995 574 1047 Tibi
613 996 822 1051 servitii
860 997 1177 1049 munuscula
1215 996 1344 1065 vilia
1381 995 1536 1068 parvi

115 1082 240 1134 450
279 1080 480 1135 Strabo
519 1092 675 1148 tuus,
716 1083 995 1136 Grimalde
1029 1092 1183 1153 pater
1220 1082 1554 1147 doctissime,
1595 1101 1782 1136 servus

257 1167 505 1217 >Pectore
544 1166 736 1218 devoto
760 1204 776 1231 9
817 1166 1022 1218 nullius
1060 1165 1318 1238 ponderis
1357 1167 1543 1219 offert:

273 1249 349 1300 ²Ut
389 1268 510 1300 cum
550 1259 810 1320 conseptu
848 1250 1043 1302 viridis
1084 1251 1393 1302 consederis
1432 1250 1614 1317 horti,

273 1330 479 1384 Subter
517 1340 762 1403 opacatas
803 1332 1078 1384 frondenti
1116 1334 1356 1404 germine
1395 1334 1598 1399 malos,

274 1415 528 1468 Persicus
567 1415 845 1488 inparibus
885 1415 1062 1468 crines
1100 1416 1196 1469 ubi
1238 1417 1436 1470 dividit
1471 1416 1713 1484 umbris,

112 1497 235 1551 455
273 1500 420 1551 Dum
459 1500 587 1551 Tibi
625 1520 754 1550 cana
792 1499 980 1567 legunt
1018 1508 1202 1549 tenera
1241 1500 1499 1571 lanugine
1538 1522 1698 1573 poma

273 1583 546 1636 Ludentcs
585 1581 773 1654 pueri,
817 1581 998 1632 schola
1038 1581 1339 1633 laetabunda
1378 1592 1625 1650 tuorum,

271 1673 457 1742 Atque
496 1671 638 1725 volis
677 1669 920 1740 ingentia
959 1669 1098 1720 mala
1137 1668 1421 1741 capacibus
1459 1671 1683 1737 indunt,

274 1755 517 1808 Grandia
559 1763 811 1807 conantes
853 1754 1131 1806 includere
1170 1775 1398 1826 corpora
1435 1756 1662 1827 palmis3

275 1839 402 1910 Quo
444 1858 693 1890 moneare
734 1836 930 1889 babeas
971 1838 1173 1905 nostri,
1211 1848 1364 1911 pater
1400 1840 1572 1906 alme,
1611 1840 1845 1905 laboris,

108 1923 234 1976 440
271 1925 417 1976 Dum
456 1923 684 1993 relegis,
723 1943 839 1993 quae
881 1921 1018 1973 dedo
1057 1922 1276 1987 volens,
1322 1922 1570 1994 interque
1608 1924 1898 1995 legendum

270 2009 345 2060 Ut
383 2007 576 2061 vitiosa
615 2026 792 2071 seces,
831 2005 1095 2076 depOSCO‚
1134 2006 1397 2077 placentia
1438 2008 1632 2062 firmes.

276 2093 355 2144 Te
392 2096 542 2146 Deus
582 2103 777 2145 aeterna
818 2093 980 2144 faciat
1017 2092 1219 2145 virtute
1257 2092 1522 2146 virentem

274 2177 726 2231 inmarcescibilis
765 2178 998 2249 palmam
1037 2175 1354 2246 contingere
1392 2177 1528 2230 vitae.

271 2262 398 2315 Hoc
434 2264 629 2330 Pater,
668 2263 772 2314 hoc
810 2260 1013 2327 Natus,
1051 2261 1154 2313 hoc
1193 2260 1437 2333 Spiritus
1476 2263 1672 2317 adnuat
1709 2265 1910 2319 almus!

225 2472 344 2517 424.
377 2473 579 2528 Antiqua
610 2472 719 2517 Nor,
764 2494 809 2500 -
861 2471 980 2515 426.
1008 2472 1237 2527 Tingucns
1266 2473 1376 2516 Nor.
1406 2494 1464 2502 --
1493 2472 1612 2516 429.
1644 2475 1810 2530 virgil.
1843 2476 2001 2534 Eclog‚

105 2545 193 2589 IV,
245 2544 322 2586 18.
366 2566 424 2572 —
466 2543 584 2587 450.
634 2544 769 2584 Pater
811 2544 1094 2586 sanctissime.
1137 2544 1294 2587 Barth.
1362 2544 1418 2585 In
1464 2546 1661 2599 margine
1713 2546 1847 2588 habet·
1889 2548 2002 2592 Nor.

108 2615 282 2669 „Quod
324 2615 397 2655 hic
435 2614 699 2655 Strabonem
741 2629 787 2655 se
816 2615 1037 2663 nominat,
1081 2618 1151 2663 te,
1192 2614 1355 2664 lector,
1396 2616 1575 2656 minime
1606 2618 1859 2672 perturbet,
1905 2633 2003 2659 cum

109 2687 245 2727 *etiam
284 2690 328 2726 et
368 2686 476 2725 alias
522 2686 721 2740 saepius,
769 2686 972 2726 carminis
1017 2686 1323 2727 commoditate
1356 2687 1629 2741 compulsus,
1674 2687 1914 2729 effecerit.“
1944 2710 2001 2719 ·-·-

111 2756 230 2797 452.
262 2756 485 2811 Conseptu
523 2756 626 2797 vilis
657 2755 766 2797 Nor.
799 2778 854 2784 —
892 2754 1012 2798 455.
1040 2755 1211 2797 Subter
1249 2761 1479 2808 opaecatas
1510 2754 1639 2798 vicu.
1683 2759 1850 2813 Supter
1892 2758 2000 2801 Nor.

110 2828 263 2879 Super
278 2825 434 2868 Choul.
458 2848 515 2854 —-
535 2825 654 2867 454,
676 2825 851 2880 Amyg
867 2827 895 2865 d
911 2826 1035 2866 alus
1066 2827 1104 2866 P
1121 2841 1142 2866 e
1158 2827 1307 2866 rsica
1339 2825 1391 2867 L.
1417 2849 1471 2855 —
1494 2826 1615 2869 455.
1639 2827 1866 2884 Lanugine
1883 2829 2001 2871 mala

112 2897 269 2943 Barth.
303 2898 464 2953 virgil.
494 2897 653 2951 Eclog.
684 2896 752 2940 II.
784 2896 868 2940 51.
899 2919 957 2925 —
985 2896 1105 2941 445.
1135 2896 1459 2952 Comprendere
1489 2897 1598 2940 Nor.
