2153 3661
758 519 829 597 G
889 519 974 600 A
1029 521 1105 601 P
1163 520 1210 600 Ι
1268 520 1346 601 T
1403 518 1490 601 A

218 702 714 770 comnis
784 703 938 768 ms,
1008 703 2036 768 GUELFERBITANI.

951 903 1288 914 *eu—*nm

321 1062 366 1115 1.
426 1058 1045 1131 QUINQUEFOLUM
1083 1057 1229 1113 SEU
1266 1057 1913 1115 PENTAPHYLLON.

315 1180 592 1268 Herbam
628 1211 977 1284 Pentaphilos
1018 1210 1212 1265 Gracci
1251 1210 1533 1283 nostrique
1572 1211 1810 1264 fatentur

320 1304 581 1376 Quinque
617 1313 803 1358 tenens
841 1303 1007 1371 folia,
1047 1305 1222 1357 lertur
1259 1303 1411 1356 cuius
1450 1303 1744 1355 medicinaz

320 1397 386 1450 Si
425 1397 542 1448 sinc
580 1396 651 1449 sit
687 1396 816 1447 trita
853 1395 994 1460 sale,
1033 1413 1153 1446 cum
1193 1393 1363 1451 veteri
1403 1393 1540 1444 benc
1580 1392 1746 1446 mixta

318 1485 531 1539 Arvina
571 1484 730 1537 citius
765 1482 1038 1555 supposita
1076 1482 1302 1536 vulnera
1340 1489 1520 1546 curat,

318 1576 458 1631 Cum
496 1577 604 1629 sint
641 1575 855 1628 articuli
898 1573 1027 1628 vitio
1066 1573 1153 1627 vel
1191 1573 1413 1626 vulnere
1452 1571 1598 1623 laesi.

317 1670 456 1722 Jurc
494 1669 600 1721 duo
639 1676 847 1739 sumpta
882 1675 1087 1717 tantum
1125 1663 1421 1716 cochlearia
1465 1665 1625 1734 plena

315 1764 522 1818 Dicunt
560 1762 760 1834 absque
796 1781 946 1813 mora
983 1759 1187 1814 ventris
1226 1758 1412 1810 sedare
1451 1757 1710 1809 dolorem.

317 1857 396 1909 At
434 1855 616 1907 cadem
655 1853 779 1907 sicci
816 1852 996 1925 pulvis
1036 1871 1157 1904 cum
1195 1850 1460 1921 melleque
1498 1848 1700 1902 mixtus

315 1947 429 2001 Ora
467 1947 554 2000 vel
593 1945 814 1998 arterias
855 1946 1035 1996 fauces
1074 1943 1285 2011 linguas
1325 1961 1384 1993 ea
1422 1950 1632 2012 purgat.

282 2038 424 2091 ·Tcr
462 2035 864 2107 circumscripta
903 2033 1080 2085 medio
1120 2052 1238 2083 cum
1277 2030 1475 2103 pollice
1513 2039 1756 2102 sumpta,

312 2128 446 2179 Post
486 2137 538 2179 ct
576 2125 806 2179 contrita
845 2133 992 2176 sanat
1031 2131 1190 2194 caput
1229 2121 1356 2172 inde
1393 2131 1746 2192 perunctum,

313 2217 451 2269 Eius
488 2217 576 2270 vel
613 2215 768 2267 radix
807 2214 965 2286 capiti
1002 2213 1229 2283 religata
1268 2211 1490 2265 iuvabit.

315 2307 527 2361 Succus
558 2315 769 2379 potatus
808 2306 894 2360 vel
936 2306 1088 2356 frons
1127 2303 1321 2355 exinde
1358 2312 1616 2375 peruncta

314 2400 476 2454 Sistit
512 2409 813 2451 manantem
854 2399 919 2449 de
956 2397 1174 2449 nai-ibus
1213 2396 1310 2447 illa
1350 2415 1613 2447 cruorem.

313 2492 450 2543 Tres
487 2492 693 2543 ciathos
731 2511 913 2555 sume,
953 2489 1032 2541 sic
1072 2487 1283 2557 anginis
1324 2487 1605 2539 medicare.

313 2582 467 2634 Hace
503 2580 631 2632 vino
670 2579 835 2631 mixta
876 2579 1049 2628 fertur
1084 2576 1375 2647 prohibere
1412 2595 1647 2643 venena,

312 2671 595 2744 Serpentis
630 2671 756 2723 trita
792 2679 1077 2742 potataquc
1114 2667 1364 2723 subvenit
1401 2667 1551 2719 ustis.

282 2896 338 2937 V.
371 2895 418 2935 3.
447 2895 634 2950 Apulcii
664 2895 816 2936 virtut.
847 2892 1016 2934 herbar.
1047 2892 1168 2936 Edit.
1201 2893 1360 2940 Tol-in,
1389 2894 1499 2949 Cap.
1530 2894 1599 2939 II.
1630 2893 1811 2944 „Herba
1825 2893 2047 2948 Quinque-

169 2964 325 3004 folium
358 2978 454 3004 cum
485 2965 672 3018 axungia
719 2969 862 3006 vetere
907 2964 999 3003 sine
1043 2963 1131 3004 sale
1170 2964 1384 3016 imposita
1412 2963 1583 3005 sanabit
1613 2964 1720 3005 vitia
1749 2968 1941 3011 artuum3
1989 2963 2045 3001 ad

170 3036 334 3076 ventris
365 3035 557 3077 dolorem
593 3036 682 3076 eius
712 3049 884 3075 succum
915 3034 1039 3073 «labis
1069 3033 1219 3074 bibere
1250 3032 1497 3073 cochlearia
1527 3034 1630 3083 duo,
1664 3033 1755 3073 sinc
1784 3046 1903 3072 mora
1925 3032 2043 3072 dolo-

169 3118 260 3145 rem
289 3105 428 3148 tollet.
462 3105 612 3146 Herba
642 3104 971 3158 circumscripta
1013 3108 1081 3144 ter
1111 3104 1252 3157 digito
1294 3104 1436 3144 medio
1469 3108 1512 3143 et
1549 3103 1712 3158 pollice
1741 3102 1912 3141 sublata
1944 3116 2042 3142 con-

170 3176 277 3215 trita
308 3181 350 3215 et
379 3175 517 3228 capiti
548 3175 675 3215 inlita
705 3174 938 3215 efficaciter
966 3177 1091 3213 sanat
1121 3174 1279 3228 capitis
1312 3173 1506 3216 dolerem
1547 3177 1629 3216 etc.
1670 3170 1740 3213 Cf.
1773 3170 1911 3213 Plinii
1941 3172 2042 3214 Sec.

172 3244 224 3285 de
253 3257 300 3285 re
330 3242 495 3285 medica
525 3243 577 3282 L.
607 3244 646 3284 1.
685 3243 726 3285 1.
759 3242 900 3293 (Edit.
933 3241 1111 3294 Terin.)
