2153 3661
98 189 187 249 46

633 361 710 418 V.
799 359 1041 415 Pinus
1099 355 1325 413 Larix
1377 356 1452 413 L.

246 516 327 574 Π.
362 512 435 570 N.
474 509 647 566 XVI.
694 503 805 579 59,
829 501 937 560 40.
986 503 1301 578 „Tiberius
1337 503 1553 562 Caesar
1599 515 1965 562 concremato

96 633 273 706 ponte
318 614 780 686 naumachiario,
824 611 1065 668 Larices
1111 611 1182 667 ad
1227 609 1646 668 restituendum
1689 611 1847 669 caedi
1897 633 1969 667 ex

97 730 345 789 Rhaetia
403 721 745 800 praefinivit.
803 709 1338 793 --Ἀ111Ρ1155ἰηιει
1394 715 1668 772 arborum
1727 716 1800 771 ad
1857 717 1969 774 hoe

98 839 222 894 aevi
291 832 648 890 existimatur
692 827 917 882 Romae
984 824 1105 878 visa
1130 863 1148 895 7
1215 844 1387 901 quam
1441 833 1686 900 propter
1732 825 1972 879 miracu-

96 943 217 1001 lum
250 937 524 995 Tiberius
557 932 774 990 Caesar
820 951 894 986 ex
937 926 1141 984 eodem
1184 936 1362 1005 ponte
1407 928 1831 986 naumachiario
1879 950 1974 984 ex-

96 1053 373 1130 posuerat
418 1040 715 1098 advectam
761 1058 891 1093 cum
935 1033 1161 1113 reliqua
1204 1036 1467 1090 materie:
1514 1035 1857 1112 duravitque
1903 1033 1976 1089 ad

97 1154 351 1214 Neronis
396 1146 672 1226 principis
731 1138 1232 1216 amphitheatrum.
1318 1139 1457 1195 Fuit
1502 1149 1692 1195 autem
1736 1138 1896 1195 trabs
1943 1159 1974 1195 e

98 1261 310 1320 Larice
345 1255 521 1331 longa
555 1247 733 1327 pedes
777 1243 976 1302 CXX.
1001 1241 1250 1320 bipedali
1287 1244 1664 1301 crassitudine
1699 1242 1975 1323 aequaliS.

103 1368 240 1441 Quo
287 1354 716 1435 intelligebatur
770 1352 870 1406 vix
928 1347 1215 1404 credibilis
1262 1348 1487 1429 reliqua
1530 1349 1773 1407 altitudo
1818 1350 1976 1405 fasti-

99 1475 257 1553 gium
301 1467 374 1524 ad
419 1480 693 1521 cacumen
737 1450 1228 1512 aesti111antibu5.“
1285 1483 1344 1491 —-

311 1643 422 1699 Vl.
513 1639 741 1696 Pinus
800 1627 1029 1688 Abies
1087 1638 1155 1687 et
1204 1627 1588 1688 silvestris
1644 1629 1719 1687 L.
1751 1604 1759 1607 ⁸

193 1775 275 1832 H.
299 1773 375 1832 N.
401 1769 574 1828 XVI.
603 1765 711 1824 59.
763 1764 919 1839 „Est
943 1781 1051 1839 per
1077 1760 1335 1838 gentium
1359 1779 1595 1838 quoque
1620 1759 1889 1837 'regiones
1917 1760 1976 1816 in

100 1878 384 1938 abietibus
409 1874 749 1931 differentia.
795 1867 1050 1946 Alpibus
1075 1868 1510 1945 Apenninoque
1534 1864 1976 1939 laudatissimae,

99 1990 159 2044 in
204 1983 394 2044 Gallia
448 1981 600 2037 Jura
656 2000 722 2036 ae
780 1984 975 2034 monte
1030 1968 1335 2050 Vogeso.‘⁶
1384 1969 1479 2028 Cf.
1525 1972 1599 2027 L.
1644 1971 1817 2029 XVI.
1870 1968 1975 2027 10.

453 2157 594 2216 Vll.
697 2147 1103 2231 Staphylea
1169 2149 1470 2226 pinnata
1536 2147 1611 2203 L.

272 2307 429 2366 Hist.
474 2312 590 2361 nat.
634 2302 809 2359 XVI.
873 2295 977 2354 16.
1047 2296 1200 2371 „Est
1259 2304 1317 2352 et
1361 2304 1522 2351 trans
1567 2291 1754 2371 Alpes
1800 2291 1976 2350 arbor

100 2414 381 2473 simillima
440 2412 594 2469 aceri
654 2407 785 2465 albo
839 2405 1111 2477 materia⁷
1169 2424 1317 2482 quae
1376 2410 1618 2458 vocatur
1665 2400 1977 2481 Staphylu-

99 2520 380 2578 dendron.
459 2518 605 2573 Fert
663 2515 901 2595 siliquas
948 2523 1007 2571 et
1051 2514 1110 2569 in
1155 2514 1223 2568 iis
1268 2509 1509 2569 nucleos
1555 2532 1765 2588 sapore
1810 2510 1975 2565 nucis

99 2618 451 2684 avellanae.“
506 2653 569 2662 --

451 2783 624 2842 VIII.
717 2779 1026 2862 Cytisus
1070 2776 1498 2836 Laburnum
1543 2776 1616 2833 L.

267 2934 348 2991 H.
407 2931 484 2991 N.
541 2933 714 2992 XVI.
776 2930 881 2990 18.
950 2927 1199 3011 „Aquas
1262 2926 1383 2984 odit
1438 2924 1796 2983 Laburnum.
1866 2922 1975 2983 Al-

97 3041 232 3117 pina
273 3038 415 3097 haee
461 3037 651 3094 arbor'
681 3060 788 3096 nec
834 3037 1014 3116 vulgo
1059 3044 1228 3108 nota,
1275 3033 1418 3089 dura
1462 3054 1530 3090 ac
1576 3031 1813 3090 candida
1858 3052 1973 3087 ma-

96 3145 274 3216 terie,
320 3145 480 3202 euius
536 3142 743 3202 florem
788 3142 1095 3202 cubitalem
1139 3139 1498 3220 longitudine
1544 3158 1682 3216 apes
1726 3157 1844 3193 non
1891 3145 1972 3192 at-

97 3246 386 3327 ῑὶηἱζιιῐιῑέ6
441 3281 501 3289 -
