2153 3661
177 150 266 209 38

315 313 385 365 Et
423 310 623 364 hibitus
661 309 853 359 durum
892 315 1130 360 ventrem
1169 304 1327 356 nimis
1365 313 1416 355 et
1454 304 1560 356 cito
1599 304 1760 366 solvit

315 399 600 473 Temporis
638 398 858 464 aestivi,
898 399 1125 450 collecto
1164 398 1301 448 lacte
1339 395 1529 447 diebus

311 497 397 549 Ac
437 492 685 543 indurato
722 491 918 542 multos
955 489 1195 542 servabis
1232 488 1297 539 atl
1334 507 1492 553 usus,

310 586 571 655 Morequc
610 582 927 636 Scamoniae
967 581 1131 634 facies
1171 580 1543 651 quodcumque
1578 576 1818 641 volchis,

308 676 423 730 Aut
458 674 722 732 vomitum
762 674 919 727 dabis
956 682 1045 725 aut
1085 682 1326 727 ventrem
1368 680 1419 723 et
1469 680 1736 743 utrunque
1780 666 2040 722 movebis

835 817 1014 878 CM».
1060 816 1361 875 LXXIII.

801 937 923 992 DE
978 938 1171 989 RAF
1193 913 1412 989 ANo.

310 1053 547 1106 Naturae
585 1051 788 1104 calidae
827 1052 1098 1102 Rafanum
1138 1047 1488 1119 cognovimus
1526 1066 1666 1112 csse,

305 1142 371 1195 Si
412 1141 643 1194 comedis
681 1149 859 1194 movet
896 1140 1139 1204 urinam,
1179 1149 1418 1192 ventrem
1461 1158 1675 1209 quoque
1715 1139 1883 1201 laxat5

304 1235 390 1286 Ac
428 1243 510 1285 ter
549 1233 807 1286 contritus
846 1231 892 1284 si
932 1231 1289 1302 coniungatur
1326 1241 1475 1283 aceto

301 1326 373 1377 Et
414 1326 561 1377 melli
598 1325 854 1377 vomitum
895 1325 1164 1375 stomacho
1204 1323 1419 1375 deducit
1446 1323 1538 1373 ab.
1563 1322 1703 1384 imo7

301 1418 387 1468 Ex
425 1418 525 1468 hoc
563 1416 609 1468 si
647 1416 776 1468 trito
817 1416 1015 1466 factum
1055 1413 1221 1465 fuerit
1258 1414 1573 1485 cataplasma

301 1507 595 1580 Ydropieis
633 1516 685 1560 et
721 1506 1030 1579 spleneticis
1068 1506 1209 1560 valet
1247 1505 1537 1572 auxiliari,

302 1600 373 1652 Et
410 1599 501 1651 tali
539 1608 694 1672 pacto
731 1599 965 1651 sinaeem
1003 1598 1049 1649 si
1089 1598 1479 1668 gargarizando

300 1691 566 1742 Procuras
605 1691 816 1756 fucum,
855 1689 1003 1742 melli
1045 1689 1272 1760 iungens
1311 1697 1362 1740 et
1400 1696 1548 1739 aceto

296 1782 479 1833 Huius
515 1782 753 1834 radicem
790 1782 968 1833 tritam
1008 1781 1279 1850 conjunge
1322 1779 1511 1851 saponi

297 1873 384 1926 Ac
423 1893 584 1945 super
620 1873 883 1925 ubilieum
920 1893 1124 1945 ponens
1165 1872 1272 1924 cito
1311 1871 1518 1923 molliet
1557 1871 1745 1924 alvum

298 1966 450 2017 Haec
488 1965 643 2016 radix
681 1964 881 2036 poterit
919 1967 1243 2016 stomachum
1284 1965 1469 2014 sedare
1508 1974 1737 2015 comesta

298 2054 570 2125 Coctaquc
609 2074 728 2106 cum
764 2053 893 2106 vino
932 2053 1107 2103 fertur
1146 2070 1330 2103 curare
1366 2060 1633 2122 petrosam

297 2145 584 2212 Vesicam,
621 2145 746 2198 vino
786 2154 838 2196 et
875 2144 1131 2196 cervisiae
1168 2143 1211 2194 si
1250 2142 1483 2194 sociatur

296 2237 442 2288 Dum
479 2245 532 2287 tc
569 2235 828 2301 sudabis,
866 2236 955 2288 vel
992 2235 1182 2286 balnea
1220 2233 1359 2286 sicca
1397 2233 1623 2286 tenebis.

295 2328 421 2380 Hoc
460 2348 674 2400 quoque
712 2327 1007 2380 lumbricos
1046 2346 1252 2382 vermes
1289 2326 1568 2397 tineasque
1605 2326 1860 2398 repelles,

296 2419 501 2472 Sucum
539 2420 749 2472 ieiunus
789 2429 978 2492 potans
1016 2438 1357 2491 genuumque
1396 2418 1639 2470 dolorem

296 2509 396 2561 Sic
434 2530 620 2562 sanare
657 2520 807 2581 potes
845 2521 904 2562 ut
943 2511 1124 2562 dicunt
1162 2520 1319 2579 atquc
1358 2520 1636 2561 tumorem.

295 2600 604 2654 Contritum
639 2601 909 2652 Ralanum
948 2599 1048 2651 lini
1087 2619 1238 2651 sacco
1277 2599 1564 2668 religatum

294 2692 380 2744 Ac
419 2688 856 2762 superinductum
891 2688 1063 2741 trihus
1101 2688 1424 2760 imponendo
1465 2686 1652 2739 diebus

295 2783 420 2834 Iloc
457 2782 576 2833 oleo
615 2789 765 2833 coeto
805 2788 961 2852 caput
999 2800 1200 2850 ung-es,
1240 2799 1397 2852 carpe
1436 2799 1682 2850 soporem

298 2871 517 2928 Oximel
557 2879 608 2923 et
645 2890 825 2922 semen
863 2869 1127 2923 siriancus
1165 2869 1538 2939 gargarizabit.

840 3013 1000 3079 Cap,
1048 3014 1343 3073 LXXIV.

687 3137 807 3190 DE
883 3136 1491 3191 CONSOLJIDA.

296 3249 428 3301 Esse
468 3251 595 3302 duas
635 3251 835 3322 species
876 3252 1175 3304 Consoldae
1217 3251 1461 3303 novimus
1500 3267 1708 3307 onmes5
