2153 3661
123 171 211 229 88

119 334 456 397 Everardus
523 333 594 392 (le
657 330 837 390 herba
895 334 1195 405 Panacea,
1263 355 1434 413 quam
1489 337 1583 396 alii
1641 336 1854 397 Petum
1898 339 1992 397 alii

119 443 477 502 Nicotianam
518 445 764 511 vocant,
823 435 1367 499 ConnnentarioluS.
1458 435 1750 521 Antverp.
1793 440 1993 504 1587.

124 546 230 607 12.
269 578 327 585 -
366 545 431 604 J.
476 541 783 617 Neander,
830 539 1247 622 Tabacologia.
1295 543 1492 623 Lugd·
1536 545 1740 608 Batav.
1793 545 1992 608 1626,

116 653 189 711 P.
216 650 496 709 Scriverii
521 645 850 707 Saturnalia
897 646 966 704 de
1012 669 1122 704 usu
1168 657 1228 705 et
1269 646 1454 704 abusu
1478 647 1719 708 Tabaei.
1763 651 1996 731 Hagae-

118 754 331 814 Comit.
404 750 606 814 1685.
727 752 982 812 Exstant
1057 775 1263 812 versus
1341 753 1565 836 aliquot
1639 757 1712 816 (le
1775 758 1997 818 viribus

115 857 356 932 Tabaci,
405 856 652 918 Castore
697 858 1006 934 Duranto,
1049 868 1114 916 ut
1158 859 1381 935 fertur,
1425 869 1700 920 auctore:

253 1008 526 1076 „Nomine
564 1027 700 1080 quae
736 1017 948 1061 sanctae
985 1009 1161 1062 crucis
1199 1009 1365 1061 herba
1405 1020 1656 1079 vocatur,
1694 1012 1884 1066 ocellis

252 1099 551 1163 Subvenit,
592 1106 644 1150 et
679 1107 827 1149 sanat
863 1098 1047 1169 plagas
1086 1108 1138 1151 et
1175 1100 1399 1153 vulnera
1438 1100 1630 1171 iungit.

251 1188 492 1244 Discutit
531 1198 584 1241 et
621 1197 877 1255 strumas,
916 1208 1197 1256 cancrum,
1236 1209 1592 1263 cancrosaque
1630 1203 1781 1245 sanat

249 1282 476 1348 Ulcera,
514 1290 566 1334 et
603 1279 861 1333 ambustis
898 1281 1150 1353 prodest,
1187 1282 1526 1354 scabiemque
1563 1285 1798 1355 repellit.

248 1372 489 1426 Discutit
525 1382 577 1424 et
613 1373 860 1424 morbum
900 1373 985 1424 cui
1027 1373 1186 1424 cessit
1224 1373 1290 1424 al)
1330 1374 1530 1445 impete
1568 1395 1760 1426 nomen
1781 1413 1799 1442 ,

248 1463 483 1515 Calfacit
520 1472 572 1515 et
611 1462 811 1529 siccat,
849 1461 1098 1533 stringit,
1136 1463 1497 1535 mundatquc,
1536 1465 1779 1519 resolvit.

245 1553 318 1606 Et
358 1553 575 1606 dentum
614 1562 666 1608 et
702 1554 906 1608 ventris
944 1555 1143 1608 mulcet
1182 1555 1482 1627 capitisque
1519 1557 1752 1610 dolores.

247 1644 519 1699 Subvenit
556 1646 807 1716 antiquae
843 1646 979 1698 tussi
1017 1649 1401 1718 stomachoque
1437 1649 1654 1718 rigenti.

243 1736 487 1789 Renibus
526 1747 579 1789 et
602 1737 789 1808 vspleni
829 1738 1073 1803 confert,
1109 1738 1362 1809 ultroque
1399 1759 1602 1793 venena

240 1826 377 1879 Dira
414 1826 725 1898 sagittarum
765 1828 973 1894 domat,
1010 1828 1132 1880 ictis
1173 1829 1422 1880 omnibus
1461 1829 1593 1880 atris

240 1916 394 1970 Haec
432 1918 615 1970 cadem
652 1918 902 1990 prodest,
941 1918 1175 1989 gingivis
1213 1918 1467 1992 proficit,
1506 1928 1663 1991 atquc

242 2008 518 2061 Conciliat
555 2028 834 2074 somnum,
872 2011 1013 2061 nuda
1053 2028 1281 2079 ossaque
1320 2028 1481 2061 carne
1519 2011 1754 2063 revestit.

239 2099 501 2153 Thoracis
539 2099 683 2154 vitiis
720 2101 974 2173 prodest,
1009 2100 1278 2172 pulmonis
1316 2101 1585 2173 itemque,

239 2190 396 2260 Qaue
435 2191 542 2244 duo
580 2191 660 2244 sic
694 2201 926 2263 praestat
963 2211 1072 2244 non
1110 2192 1220 2243 ulla
1258 2192 1533 2264 potentior
1571 2193 1754 2245 herbae

238 2283 400 2336 Hanc
438 2281 849 2338 Sanctacrucius
887 2284 1158 2356 Prosper,
1196 2304 1315 2338 cum
1354 2285 1577 2339 nuntius
1616 2295 1756 2340 esset

240 2373 402 2427 Sedis
439 2372 792 2446 Apostolicae
828 2375 1117 2429 Lusitanas
1155 2376 1349 2429 missus
1388 2376 1443 2428 in
1481 2397 1637 2441 oras,

234 2465 365 2519 Huc
400 2466 700 2538 adportavit
737 2468 1012 2521 Romanae
1048 2468 1114 2520 ad
1152 2469 1428 2522 commoda
1466 2469 1682 2541 gentis,

233 2555 309 2607 Ut
345 2556 535 2627 proavi
575 2556 802 2610 Sanctae
839 2559 1076 2628 Lignum
1114 2558 1305 2612 Crucis
1344 2569 1465 2610 ante
1504 2560 1716 2623 tulere,

239 2646 436 2700 Omnis
473 2646 843 2700 Christiadum
884 2668 988 2719 quo
1028 2668 1171 2702 nunc
1207 2649 1512 2722 respublica
1552 2651 1782 2719 gaudet,

236 2737 310 2789 Et
346 2736 574 2793 Sanctae
613 2738 808 2792 Crucis
845 2740 1073 2793 illustris
1113 2740 1302 2793 domus
1341 2741 1458 2813 ipsa
1496 2751 1749 2807 vocatur,

236 2828 499 2903 Corporis
537 2839 694 2902 atque
730 2831 937 2883 animae
975 2841 1189 2885 nostrae
1225 2831 1464 2885 studiosa
1502 2833 1745 2886 salutiS.“

357 2972 464 3037 12.
555 2974 906 3036 Solanum
950 2976 1404 3039 tuberosum.

262 3099 640 3164 Utilissimam
683 3104 830 3165 hane
874 3104 1160 3185 plantam,
1218 3127 1392 3189 quam
1437 3106 1656 3186 optimo
1700 3106 1826 3163 iure
1872 3103 1974 3162 hu-

90 3208 241 3264 mani
286 3213 518 3285 generis
563 3208 940 3271 Ambrosiam
985 3233 1196 3275 vocare
1245 3234 1415 3274 nemo
1462 3209 1705 3287 dubitet,
1749 3212 1971 3290 primus

90 3309 366 3390 Europae
427 3312 618 3373 intulit
675 3317 1022 3377 Franciscus
1085 3318 1316 3391 Drake,
1381 3314 1567 3375 audax
1631 3318 1968 3396 navigator,
