2153 3661
596 383 1475 458 PRAEFATIO.

863 554 1164 564 ——-—-——--.

200 712 597 794 WALArmm
645 727 854 784 S'rimm
901 745 1134 782 carmen
1179 722 1250 782 de
1280 721 1526 782 Hortuli
1564 720 1789 782 cultura
1827 743 1980 780 nova

83 837 191 894 hac
251 834 502 893 editione
572 831 846 913 prodire,
912 828 1068 887 haud
1146 830 1438 910 ingratum
1498 837 1643 906 puto
1701 830 1805 899 iis,
1879 830 1980 908 qui

83 944 210 1001 aevi
254 939 428 999 medii
472 939 709 1014 literas,-
770 935 865 996 vel
909 934 1329 995 monachorum
1374 935 1445 994 dc
1493 956 1557 993 re
1601 932 1821 992 medica
1869 955 1982 991 mc-

84 1052 197 1108 rita
241 1049 568 1106 accuratius
615 1066 976 1125 cognoscere
1022 1042 1275 1102 student.
1368 1043 1487 1100 Hic
1552 1043 1703 1100 enim
1760 1040 1985 1097 Hortu-

84 1153 209 1229 lus,
264 1156 421 1214 haud
477 1154 737 1236 ignobile
796 1154 1097 1213 doctrinae
1153 1152 1369 1212 saeculi
1415 1152 1511 1211 IX
1555 1151 1986 1225 documentum,

86 1269 391 1321 auctorem
434 1261 628 1341 arguit
672 1270 789 1319 tam
832 1259 1065 1340 linguae
1110 1259 1323 1317 latinae
1370 1259 1784 1337 peritissimum
1830 1267 1887 1315 et
1930 1258 1989 1314 in

85 1376 352 1425 veterum
395 1370 752 1446 scriptorum
800 1365 1078 1446 operibus
1135 1366 1622 1440 versatissimum,
1684 1385 1858 1446 quam
1903 1384 1990 1421 sa·

86 1495 291 1553 81166111
339 1482 397 1531 et
442 1473 737 1530 assiduum
782 1474 990 1529 virium
1034 1469 1349 1527 herbarum
1393 1471 1831 1549 indagatorem,
1876 1491 1991 1527 me-

87 1578 372 1659 liorisque
420 1579 655 1637 omnino
700 1578 919 1657 ingenii
977 1575 1296 1651 medicum,
1359 1597 1532 1657 quam
1595 1597 1745 1656 quos
1792 1597 1823 1633 6
1870 1597 1991 1634 sae-

91 1683 358 1744 culorum
402 1686 775 1767 sequentium
819 1685 1056 1762 scriptis
1100 1684 1387 1741 novimuS.
1494 1682 1696 1757 Quare
1756 1704 1993 1740 carmen

90 1790 266 1866 illud,
311 1794 492 1850 amice
540 1801 816 1872 tanquam
860 1792 919 1848 in
956 1787 1171 1848 saeculi
1207 1787 1441 1846 barbari
1478 1785 1736 1846 tenebris
1775 1790 1993 1847 micans

92 1894 284 1970 sidus,
343 1895 503 1955 felici
547 1897 671 1955 fato
717 1897 870 1955 inter
919 1904 1010 1954 tot
1055 1897 1274 1975 scripta
1318 1904 1651 1973 temporum
1709 1895 1994 1953 recentio-

90 2023 222 2058 rum
266 2000 518 2061 tumultu
565 2001 870 2081 deperdita
913 1999 1084 2060 nobis
1129 2010 1443 2076 servatum,
1489 1999 1731 2079 dignum
1772 2000 1995 2078 putavi,

95 2102 292 2183 quod,
357 2106 668 2161 rarissimis
712 2106 957 2181 insuper
1014 2103 1311 2162 veteribus
1359 2102 1746 2178 editionibus,
1802 2103 1994 2163 denuo

95 2236 376 2273 excusum
421 2222 481 2274 et
525 2214 850 2273 correctius
896 2214 957 2270 in
1011 2211 1204 2270 lucem
1260 2211 1559 2291 prodiret,
1618 2221 1684 2269 ut
1729 2232 1762 2268 a
1807 2208 1996 2269 doctis

92 2342 281 2402 aeque
327 2341 396 2378 ac
451 2320 821 2399 antiquarum
865 2316 1168 2375 literarum
1212 2317 1488 2375 studiosis
1539 2313 1844 2375 commode
1878 2313 1998 2396 legi

95 2427 302 2505 possit.
413 2423 676 2484 Textum
731 2423 977 2483 Hortuli
1032 2425 1300 2482 recensui
1356 2422 1429 2480 ad
1473 2422 1826 2481 laudatiores
1874 2423 1995 2479 eius

97 2529 235 2589 libri
271 2530 576 2606 editioneS,
610 2527 1133 2596 vindobonensem
1171 2528 1414 2605 scilicet,
1435 2527 1997 2609 Nol-inhergensem,

97 2638 480 2696 Ati-ocianam
535 2636 810 2714 alteram,
866 2636 1429 2696 Francofurtensem
1489 2645 1549 2695 et
1603 2636 1997 2715 nuperrimam

105 2742 620 2821 Choulantianam,
696 2767 805 2803 nec
886 2766 1006 2803 non
1083 2743 1156 2800 ad
1224 2743 1504 2801 Codicem
1572 2740 1806 2798 saeculo
1872 2739 1998 2797 XV

104 2854 434 2920 exaratum,
501 2868 676 2926 quem
719 2848 779 2904 in
823 2844 1193 2904 Bibliotheca
1237 2845 1430 2924 Regia
1482 2843 1859 2919 Monacensi,
1911 2865 1998 2918 ea,

107 2971 224 3032 qua
268 2949 450 3025 solet,
505 2949 892 3027 humanitate,
949 2973 1175 3010 mecum
1220 2951 1665 3009 communicavit
1703 2949 1817 3008 Vir
1863 2949 1998 3007 doc-

106 3059 359 3115 tissimus
411 3058 528 3115 Da.
580 3056 874 3132 SMELLER,
941 3056 1344 3115 Bibliothecae
1394 3056 1633 3115 CustOS.
1726 3055 1999 3129 Quorum

107 3165 295 3220 varias
338 3162 619 3222 lectiones
667 3184 780 3220 una
827 3184 957 3221 cum
1002 3165 1155 3220 notis
1201 3161 1431 3221 sele-ctis
1468 3160 1710 3236 Barthi,
1754 3163 1996 3240 integris

111 3264 417 3328 Atrociani
475 3270 735 3350 meisque
804 3267 1271 3329 adnotationibus
1339 3278 1399 3328 ct
1466 3266 1612 3327 locis
1669 3264 1997 3346 paralleliS,
