2153 3661
99 144 190 205 24

686 308 838 362 XIV.
912 307 1402 360 PAPAVER.

263 399 334 451 Et
371 399 595 453 Cereale
631 398 846 469 quidem
884 416 1143 467 nugarum
1183 397 1237 448 in
1277 406 1426 468 parte
1460 397 1704 467 Papaver

262 490 383 540 Hae
420 507 710 540 memorare
746 487 950 558 placet,
990 488 1134 558 quod
1171 496 1322 558 raptu
1364 495 1565 538 moesta
1600 479 1813 558 'puellae

265 580 441 632 Mater
455 618 471 645 ,
509 588 567 630 ut
603 579 876 630 immensis
916 587 1093 649 optata
1133 578 1331 630 oblivia
1368 578 1562 630 mentis

106 668 225 722 265
263 669 536 722 Exuercnt
574 669 744 734 curis,
797 670 968 719 fertur
1006 670 1212 719 Latona
1249 688 1478 721 vorasse.

261 759 386 810 Iloe
423 756 583 807 simul
622 755 825 807 auxilio
865 755 1218 808 carbunculus
1257 766 1369 808 ater
1406 756 1471 808 ab
1510 756 1622 810 imo

261 848 491 899 Pectore
530 845 622 916 qui
659 854 840 896 ructus
878 843 1104 894 nimium
1143 844 1415 896 convolvit
1452 863 1659 896 amaros

264 938 396 990 Oris
435 937 673 1007 adusque
714 937 858 987 fores
896 935 1118 1007 reprimi
1157 955 1411 1006 persaepe
1448 936 1675 989 videtur.

266 1028 446 1079 Huius
485 1028 550 1079 ad
587 1029 690 1079 alta
730 1037 886 1099 caput
923 1047 1211 1097 granorum
1250 1026 1452 1077 semine
1491 1027 1697 1078 foetum

108 1120 229 1170 270
266 1120 523 1170 Protcnto
563 1117 851 1186 fragilique
891 1118 1026 1167 solet
1064 1111 1131 1166 se
1158 1117 1350 1166 tollere
1390 1117 1564 1181 collo,

266 1210 438 1280 Inque
476 1208 692 1258 modum
727 1206 889 1273 mali,
927 1205 1082 1276 regio
1126 1206 1211 1258 cui
1250 1205 1441 1277 punica
1480 1225 1674 1258 nomen

266 1298 498 1363 Indidit,
535 1297 691 1349 unius
728 1298 909 1367 patulo
951 1297 1049 1348 sul)
1087 1296 1246 1367 pellis
1286 1296 1483 1348 amictu

273 1388 452 1441 Grana
492 1387 838 1439 celebrandae
875 1386 1092 1439 virtutis
1131 1386 1362 1455 plurima
1401 1384 1627 1450 claudit,

259 1481 449 1549 Deque
488 1497 618 1529 sono
657 1476 958 1528 mandentis
997 1475 1158 1526 habet
1196 1474 1486 1527 formabile
1524 1495 1733 1528 nomen.

713 1586 841 1640 XV.
915 1585 1366 1639 SGLAREA.

115 1682 233 1733 ¹275
272 1681 384 1734 Hic
419 1679 671 1730 umbrosa
707 1696 876 1731 novos
913 1676 1055 1728 inter
1096 1675 1314 1730 Selarca
1353 1677 1560 1730 virores

275 1771 475 1842 Stipite
513 1769 821 1841 praevalido
861 1769 1186 1839 adsurgens,
1224 1788 1506 1839 ramosque
1546 1788 1827 1840 comasque
1889 1829 1891 1832 ι

275 1862 460 1913 Altius
499 1861 740 1926 extollit,
780 1880 912 1931 quae
951 1859 1191 1930 quamvis
1229 1859 1402 1911 rarius
1441 1860 1542 1911 ulli

278 1953 533 2022 Quaesita
572 1952 805 2017 auxilio,
844 1952 1174 2002 medicorum
1204 1970 1378 2022 ,paene
1415 1960 1633 2023 putetur

273 2044 543 2114 Effugisse
583 2063 794 2109 manus,
833 2042 975 2093 dulci
1018 2050 1191 2093 tamen
1228 2041 1397 2094 indita
1435 2042 1617 2093 caldae

235 2218 350 2262 282.
407 2221 535 2273 virg.
590 2222 755 2273 Gom-g.
801 2221 840 2262 I.
888 2219 1004 2262 212.
1064 2219 1180 2274 Pap
1199 2231 1327 2259 aver
1389 2219 1774 2259 somnifcrum
1834 2217 1884 2260 L.
1938 2237 1992 2244 -

123 2287 238 2330 265.
281 2289 425 2342 Rapta
457 2304 511 2332 m.
556 2288 702 2343 puella
733 2289 849 2329 Mon.
889 2294 1041 2343 raptae
1073 2305 1131 2330 m.
1162 2289 1334 2343 puellae
1380 2288 1534 2330 Choul.
1566 2290 1622 2331 V.
1655 2289 1784 2331 ovid.
1814 2289 1991 2331 Metam.

122 2359 179 2399 V.
223 2358 339 2400 471.
395 2382 446 2388 —-
509 2358 623 2401 265.
666 2358 958 2413 Proserpinae
1003 2364 1141 2399 mater
1183 2360 1316 2400 Ceres
1358 2359 1470 2399 falso
1502 2359 1572 2397 hic
1602 2359 1770 2399 Latona
1801 2364 1992 2400 vocatur.

123 2428 414 2480 Mythologia,
441 2429 552 2467 sicut
571 2427 758 2467 historia
778 2428 976 2482 profana,
1015 2443 1111 2469 cum
1141 2430 1256 2469 omni
1288 2443 1394 2470 aevo
1425 2430 1569 2470 medio
1601 2434 1699 2470 ante
1728 2433 1995 2469 restam-atas

127 2498 326 2536 scientias
358 2497 655 2549 inventamque
686 2501 822 2536 artem
850 2499 1214 2552 typographicam
1241 2497 1423 2538 obseura
1455 2504 1564 2538 esset
1595 2503 1637 2538 ct
1671 2498 1829 2546 dubia,
1864 2497 1995 2537 variis

125 2566 224 2605 hinc
257 2566 377 2605 locus
410 2571 502 2604 crat
520 2564 880 2606 Anachronismis
910 2566 1115 2620 falsisque
1136 2581 1282 2606 rerum
1309 2573 1350 2606 et
1371 2568 1591 2606 nominum
1614 2567 1992 2621 explicationibus,

126 2649 330 2687 quorum,
366 2641 412 2674 ut
446 2643 612 2674 caetera
642 2641 831 2686 taceam,
864 2637 1106 2690 exemplum
1139 2640 1281 2675 exstat
1308 2636 1354 2674 in
1371 2634 1708 2675 Commentariis
1740 2637 1795 2675 ad
1816 2637 1996 2676 Boethii

129 2703 356 2745 consolat.
396 2703 737 2758 Philosophiae,
781 2706 854 2758 qui
895 2705 1087 2746 Thamae
1129 2704 1369 2759 Aquinatis
1414 2718 1570 2743 nomen
1610 2720 1718 2758 prae
1760 2720 1808 2744 sc
1835 2706 1995 2755 ferunt,

128 2776 179 2816 L.
224 2772 316 2813 HI.
365 2771 489 2815 Pro&
533 2772 579 2814 8.
631 2772 920 2822 „Alcibiades
963 2775 1049 2814 fuit
1087 2774 1244 2813 mulier
1284 2773 1624 2827 pulcherrima.“
1665 2796 1722 2802 -—
1774 2775 1889 2817 266.
1941 2777 1995 2819 V.

130 2846 278 2886 Sel-en.
331 2844 507 2885 Samon.
557 2842 610 2880 de
655 2843 819 2884 Medic.
869 2842 984 2883 710.
1035 2844 1119 2885 Ed.
1151 2845 1356 2886 Humelh.
1403 2867 1462 2874 —
1509 2844 1625 2887 271.
1671 2846 1839 2886 Malum
1887 2847 1997 2887 Gra-

137 2917 294 2951 natum.
324 2912 442 2952 Plin.
482 2912 542 2952 H.
573 2911 629 2953 N.
666 2910 807 2952 XIII.
843 2909 923 2954 29.
968 2935 1021 2941 -
1071 2912 1188 2954 274.
1220 2913 1422 2967 Papavcr
1453 2915 1618 2955 dicitur
1639 2930 1663 2954 a
1694 2931 1834 2970 papo,
1884 2916 1999 2955 sieut

134 2982 316 3021 cadaver
358 2993 384 3019 a
423 2980 528 3020 cado
570 2980 767 3020 Vossius.
809 2982 982 3037 Papare
1029 2988 1095 3023 est
1137 2985 1393 3024 manducare
1438 3000 1673 3040 puerorum
1702 2988 1758 3029 V.
1788 2986 1997 3034 Plautus,

134 3051 307 3103 Epidio.
338 3050 393 3090 V.
426 3049 473 3092 2.
504 3047 589 3094 62,
616 3048 818 3099 Persius,
850 3054 999 3107 satyr.
1031 3053 1125 3096 III.
1161 3054 1237 3094 17.
1269 3078 1322 3084 -
1355 3055 1469 3097 275,
1493 3057 1701 3110 Sclar'ega
1725 3056 1845 3096 Mon.
1869 3054 1998 3094 Scar-

135 3121 200 3159 lea
230 3121 333 3161 Nor.
367 3119 570 3160 Salvia
613 3119 756 3160 Sela
772 3136 867 3160 rea
897 3123 945 3164 L,
991 3147 1047 3153 —
1091 3122 1209 3168 279,
1242 3124 1409 3167 caldae
1437 3127 1575 3169 scilic.
1607 3140 1742 3178 aquae
1772 3125 1848 3165 Sic
1882 3124 1996 3166 Mar·-

140 3189 230 3231 iial.
281 3190 433 3242 Epigr.
481 3190 521 3231 I.
568 3188 645 3228 12.
708 3192 823 3239 „iam
869 3195 1095 3235 defecisset
1136 3200 1362 3249 portantes
1419 3197 1543 3237 calda
1584 3195 1852 3238 minist1·0S.“
1924 3195 2009 3237 ΒΕ

138 3260 283 3311 {lange
315 3259 354 3300 I.
388 3256 500 3299 758.
532 3257 681 3300 Soron.
716 3261 831 3302 Sam.
865 3264 918 3302 de
949 3263 1062 3303 Med.
1094 3279 1132 3304 v.
1163 3265 1280 3305 554.
1311 3287 1367 3294 --
