2153 3661
135 143 225 205 50

133 310 254 362 595
292 309 502 361 Pactoli
542 319 593 362 et
631 309 800 362 niveis
840 308 1084 360 Arabum
1123 307 1456 360 circumdare
1494 309 1733 377 gemmis.

296 397 478 463 Haee3
518 395 641 466 quia
682 415 786 446 non
827 394 995 466 Tyrio
1036 392 1324 446 Germania
1362 392 1584 461 tingitur
1623 402 1798 459 ostro,

294 481 426 532 Lata
466 499 563 530 nec
602 477 812 529 ardenti
851 497 907 528 se
948 475 1127 529 Gallia
1167 475 1366 527 murice
1406 474 1592 540 iactat,

296 568 468 618 Lutea
506 564 764 636 purpurei
804 573 1015 635 reparat
1053 572 1319 615 crementa
1359 560 1642 632 quotannis

295 649 544 701 Ubertim
582 648 760 712 floris,
800 656 1004 698 tantum
1045 645 1135 716 q'ui
1174 644 1421 716 protinus
1461 663 1644 715 omnes

134 733 256 784 400
295 734 605 784 Herbarum
644 731 841 785 vicisse
882 749 1058 781 eomas
1096 728 1293 783 virtute
1332 735 1384 778 et
1424 726 1591 777 odore

297 817 536 880 Dicitur,
574 822 633 865 ut
671 800 864 865 inerito
902 813 1095 863 florum
1133 811 1232 862 flos
1271 829 1386 862 esse
1426 811 1646 861 feratur.

297 899 476 952 Inficit
516 897 601 948 bic
640 896 816 948 oleum
855 894 1078 967 proprio
1118 892 1186 945 de
1223 895 1435 944 nomine
1474 894 1704 959 dictum,

299 983 462 1053 Quod
502 1004 660 1056 quam
698 1002 854 1054 saepe
891 982 981 1033 fiat
1019 980 1336 1032 mortalibus
1374 979 1505 1030 utile
1544 980 1720 1045 curis,

312 1068 426 1119 Nec
464 1067 767 1118 meminisse
805 1074 980 1136 potest
1017 1064 1293 1115 hominum
1332 1083 1430 1114 nec
1470 1063 1650 1115 dicere
1690 1062 1985 1133 quisquam.

142 1150 265 1202 ‘'1ss5
305 1150 453 1200 Huic
493 1150 694 1199 {amosa
732 1169 857 1212 suos
898 1148 1176 1220 obponunt
1213 1146 1358 1199 Lilia
1395 1148 1586 1211 flores,

303 1233 549 1303 Longius
588 1236 781 1285 horum
820 1232 979 1284 etiam
1016 1232 1225 1304 spirans
1264 1231 1398 1282 odor
1438 1229 1632 1281 imbuit
1671 1222 1856 1296 δίη-355

302 1317 414 1370 Sed
452 1318 497 1369 si
539 1318 658 1388 quis
697 1316 843 1368 nivei
883 1315 1158 1366 candentia
1199 1313 1440 1383 germina
1480 1314 1690 1364 lruetus

301 1399 572 1466 Triverit,
612 1397 850 1470 adspersi
889 1397 1171 1447 mirabitur
1208 1396 1380 1447 illicet
1418 1416 1629 1448 omnem

306 1483 550 1535 Nectaris
589 1483 684 1533 illc
723 1482 883 1532 fidem
920 1479 1083 1531 celeri
1122 1479 1350 1552 periisse
1388 1490 1579 1531 meatu.

143 1571 265 1624 410
305 1573 429 1624 Hoc
471 1569 598 1640 quia
637 1567 922 1638 virginitas
962 1568 1100 1617 fama
1141 1566 1369 1617 subnixa
1408 1566 1562 1617 beata

304 1657 469 1709 Flore
508 1651 669 1716 nitet,
709 1670 866 1722 quam
905 1650 951 1702 si
990 1650 1172 1701 nullus
1210 1650 1366 1701 labor
1405 1650 1692 1720 exagitarit

303 1739 499 1794 Sordis
539 1746 590 1789 et
627 1737 809 1788 illiciti
847 1756 956 1787 non
995 1736 1220 1806 fregerit
1258 1737 1420 1789 ardor
1459 1738 1686 1804 amoris,

303 1825 349 1876 F
354 1834 533 1894 ragrat
572 1824 737 1875 odore
775 1843 898 1875 sno:
938 1843 1103 1895 porro
1143 1823 1186 1875 si
1225 1824 1397 1894 gloria
1434 1843 1648 1895 pessum

303 1906 654 1977 virginitatis
694 1915 805 1972 eat,
846 1907 1018 1958 faetor
1056 1906 1285 1958 mutabit
1325 1906 1595 1959 odorem.'

145 1991 268 2043 415
308 1992 459 2044 Haec
498 1991 606 2041 duo
644 2009 871 2060 namque
908 1989 1274 2061 probabilium
1314 2010 1512 2060 genera
1551 1990 1736 2043 inclita
1774 1991 1967 2044 florum

303 2076 578 2132 Ecclesiae
618 2096 846 2128 summas
886 2075 1096 2145 signant
1134 2096 1232 2147 per
1269 2077 1477 2128 saecula
1515 2077 1745 2148 palmas,

307 2159 586 2230 Sanguine
623 2158 878 2230 Martyrii
918 2159 1086 2231 carpit
1126 2179 1261 2231 quac
1300 2161 1438 2213 dona
1474 2162 1748 2213 Rosarum

309 2246 560 2318 Liliaquc
597 2247 652 2298 in
691 2245 817 2297 fidei
856 2254 1028 2316 gestat
1066 2245 1296 2297 candore
1335 2247 1572 2298 nitentis.

306 2332 358 2385 Ο
397 2331 570 2384 Mater
606 2330 815 2400 Virgo,
855 2328 1098 2381 faecundo
1138 2329 1381 2399 germine
1419 2331 1595 2384 Mater

145 2414 268 2465 420
306 2413 486 2481 Virgo
524 2414 628 2466 fide
666 2415 890 2480 intacta>
928 2414 1110 2484 sponsi
1148 2413 1214 2465 de
1253 2415 1470 2467 nominc
1507 2434 1730 2486 sponsa,

313 2496 558 2566 Sponsa,
596 2496 875 2562 columba,
914 2497 1130 2563 domus7
1167 2499 1387 2567 regina,
1424 2498 1598 2552 fidelis
1635 2498 1835 2565 amica,

231 2659 351 2704 595.
384 2659 593 2700 Pactolus
625 2656 956 2728 χρυσορῥοος
987 2659 1122 2704 ovid.
1153 2660 1332 2702 Metam.
1368 2659 1453 2704 XI.
1491 2661 1603 2702 142.
1628 2684 1673 2693 --
1701 2661 1882 2716 geminis
1905 2661 2030 2705 Vicn.

147 2729 265 2772 596.
299 2730 457 2783 virgil.
490 2730 657 2784 Georg.
690 2730 782 2774 III.
821 2730 900 2773 17.
920 2752 978 2761 -
996 2728 1113 2773 597.
1135 2730 1256 2774 Plin.
1272 2732 1331 2774 II.
1346 2731 1400 2773 N.
1422 2730 1581 2772 XXII.
1602 2732 1648 2774 2.
1680 2755 1734 2761 --
1756 2728 1871 2774 599.
1893 2732 2031 2772 Uber-

147 2806 215 2840 tas
259 2800 367 2842 Nor.
407 2798 529 2840 Uber
567 2805 659 2841 tum
702 2800 849 2843 Cams.
895 2801 1052 2843 Choul.
1105 2825 1151 2832 -
1198 2800 1317 2843 402.
1362 2803 1521 2842 Oleum
1552 2802 1782 2843 Rosarum.
1815 2801 1871 2839 V.
1907 2801 2027 2841 Otho

149 2869 349 2912 Cremon.
390 2871 533 2911 Elect.
565 2871 789 2913 medicam.
820 2885 859 2912 v.
892 2869 1009 2914 559.
1051 2871 1135 2930 Ed.
1172 2870 1327 2915 Choul.
1372 2895 1426 2903 —--
1466 2871 1584 2915 405.
1617 2873 1723 2915 Vid,
1757 2886 1889 2926 supra
1919 2886 2028 2913 vers.

150 2939 266 2980 248.
298 2940 367 2981 Cf.
391 2939 506 2980 Clin.
526 2939 584 2978 H.
605 2940 660 2982 N.
694 2939 830 2986 XXI,
859 2941 906 2985 ὃ.
941 2942 1137 2991 „Lilium
1166 2956 1292 2983 rosae
1321 2943 1550 2984 nobilitate
1582 2944 1828 2997 proximum
1859 2946 1951 2989 est,
1988 2947 2029 2982 et

149 3010 400 3064 impositum
424 3009 555 3049 etiam
575 3011 760 3051 maxime
781 3027 899 3053 rosas
930 3013 1051 3054 decet
1083 3012 1198 3055 cct.“
1230 3035 1289 3043 --
1317 3012 1437 3056 407.
1474 3014 1525 3057 V.
1549 3015 1823 3055 Bartholom.
1846 3011 2026 3064 Anglic.

151 3095 304 3134 propr.
335 3094 418 3121 rer.
453 3077 608 3120 XVII.
639 3076 722 3123 91.
769 3103 821 3111 -
864 3081 980 3124 415.
1019 3084 1203 3138 Flagrat
1233 3084 1361 3126 Vicn.
1396 3083 1552 3128 Choul.
1607 3109 1651 3116 —-
1700 3080 1818 3123 414.
1851 3082 2025 3130 Fateor,

152 3150 338 3189 mutabit
374 3150 505 3190 Vien.
550 3148 709 3192 Choul.
739 3170 793 3178 ·-·
836 3151 957 3197 417.
990 3153 1187 3210 Carpunt
1212 3155 1340 3199 Vien.
1370 3178 1430 3198 ,-—
1458 3155 1577 3197 418.
1605 3153 1791 3194 Gestant
1820 3152 1940 3193 Vien.
1971 3173 2028 3182 —

152 3218 271 3259 420.
308 3219 449 3271 Virga
487 3218 634 3260 Canis.
679 3219 834 3264 Choul.
880 3247 921 3253 —
971 3223 1089 3268 421.
1133 3226 1312 3267 Litania
1342 3225 1587 3267 Lauretana
1629 3222 1745 3264 hisce
1782 3222 2027 3263 nominibus

155 3289 326 3331 invocat
356 3289 536 3330 Beatam
575 3288 804 3343 Virginem
834 3291 1035 3335 Mariam.
