2153 3661
111 654 114 657 ·
186 614 832 690 EDITIONIS
916 613 1916 690 NEAPOLITANAE

773 819 1018 880 CAPUT
1063 818 1335 881 XLVII.

677 986 792 1042 m:
848 985 1292 1041 EMATITE.
1338 983 1387 1055 ⁴²)

243 1102 461 1156 ‘Sumsit
497 1101 759 1155 Ematites
799 1120 994 1173 graeco
1033 1099 1100 1152 de
1138 1098 1399 1170 sanguine
1436 1117 1648 1150 nomen„

247 1195 484 1247 Naturae
523 1204 601 1246 est
638 1194 888 1245 humidae
925 1191 1063 1264 lapis
1101 1190 1309 1244 servire
1348 1199 1589 1256 creatus,

245 1285 487 1358 Stiptica
527 1285 613 1338 cui
650 1286 825 1339 virtus
863 1284 1132 1356 permulta
1169 1281 1430 1353 probatur
1468 1280 1660 1334 inesse„

249 1377 389 1432 Nam
427 1376 807 1451 palpebrarum
849 1396 1010 1448 super
1047 1375 1220 1426 illitus
1258 1372 1600 1445 asperitatem

247 1471 320 1525 Et
360 1472 505 1526 visus
544 1471 762 1524 hebetes
799 1471 957 1543 pulsa
995 1468 1227 1538 caligine
1264 1474 1478 1539 purgat.

246 1563 383 1617 Eius
423 1565 724 1635 fragmento
763 1563 809 1616 si
849 1561 1022 1634 glaria
1060 1560 1218 1612 mista
1257 1558 1328 1611 sit
1366 1556 1458 1611 ovi

245 1656 428 1711 Succo
468 1656 672 1709 dilutus
715 1674 873 1727 quem
912 1653 1109 1728 punica
1148 1651 1286 1704 mala
1324 1648 1636 1715 remittunt,

246 1749 312 1802 Iu
352 1748 660 1801 medicinali
696 1749 845 1802 velut
883 1747 952 1800 ad
990 1743 1207 1800 eolliria
1246 1750 1367 1797 cute

247 1839 358 1894 Vel
395 1840 665 1892 resolutus
702 1859 868 1911 aqua,
906 1839 1054 1893 iuvat
1093 1837 1188 1910 qui
1226 1832 1511 1904 sanguinis
1553 1850 1647 1884 ore

248 1931 481 2004 Spumas
522 1933 800 1985 emittunt:
841 1941 893 1984 et
931 1929 1209 2003 quaelibet
1248 1929 1431 1980 ulcera
1471 1932 1635 1977 sanat.

242 2025 465 2078 Potatus
503 2023 726 2093 stringit
763 2023 966 2095 patitur
1006 2040 1165 2093 quem
1205 2018 1408 2070 femina
1446 2017 1684 2080 fluxum,

242 2116 453 2169 Carnes
493 2123 794 2167 crescentes
831 2115 887 2164 in
925 2114 1150 2167 vulnere
1187 2107 1431 2184 pulveris
1469 2104 1630 2158 huius

241 2209 350 2263 Vis
388 2208 585 2281 premit
623 2216 676 2260 et
714 2216 958 2263 ventrem
997 2205 1195 2258 retinet
1234 2203 1352 2256 sine
1391 2219 1542 2253 mora
1579 2199 1849 2251 fluentem.

243 2302 500 2372 Vinoque
538 2300 744 2354 dilutus
781 2300 953 2357 veteri
992 2299 1308 2370 bibitusque
1346 2296 1661 2367 frequenter

243 2393 528 2468 Serpentis
567 2414 806 2448 morsum
842 2394 931 2448 vel
970 2392 1117 2466 quod
1156 2391 1226 2444 sit
1265 2390 1333 2442 ab
1372 2386 1557 2461 aspide
1594 2383 1793 2440 vulnus

243 2488 482 2559 Egregie
523 2498 699 2555 curat,
738 2496 984 2540 munctus
1023 2495 1076 2539 et
1116 2484 1271 2557 aquis
1309 2482 1599 2536 resolutus.

243 2580 443 2634 Mistus
480 2581 640 2631 melle
677 2588 855 2652 potest
894 2579 1081 2650 oculos
1118 2594 1307 2630 sanare
1346 2574 1625 2640 dolentes,

242 2671 477 2727 Vesicae
514 2670 725 2743 lapides
763 2669 972 2723 bibitus
1012 2668 1314 2722 dissolvere
1353 2665 1561 2729 fertur,

244 2765 360 2818 Hic
399 2763 711 2833 ferrugineo
750 2763 986 2833 rufoque
1026 2760 1210 2811 colore
1249 2764 1494 2819 notatur,

246 2855 441 2909 Africa
478 2854 645 2908 mittit
682 2874 805 2909 eum
843 2873 937 2906 seu
974 2851 1236 2923 Ethiopes
1274 2846 1627 2917 Arabesque,

244 2944 522 2998 Archadie
560 2944 721 2997 tellus
757 2943 992 3017 lapidem
1027 2938 1281 3014 producit
1319 2936 1565 3003 ehesten,

211 3185 251 3232 ⁴)
286 3184 354 3226 Cf,
391 3183 534 3224 Macri
567 3182 620 3223 de
650 3182 833 3222 materia
863 3180 1033 3221 medica
1063 3178 1168 3219 libri
1189 3174 1447 3230 V[versibus
1468 3170 1711 3225 conscripti
1733 3181 1815 3226 per
1830 3168 1993 3212 Jauum

102 3253 378 3295 Cornan-ium.
408 3253 598 3297 Frcosti.
634 3250 785 3295 1540.
818 3248 867 3295 8.
897 3250 952 3297 L.
983 3250 1042 3295 V.
1070 3248 1126 3293 C.
1158 3247 1244 3293 55·
