2153 3661
1940 165 2026 227 51

140 331 318 389 veluti
379 350 551 386 manu
614 350 855 409 pressa,
915 326 1293 410 breviterque
1350 349 1558 408 cespes
1601 332 1715 398 ⁵¹11
1772 336 2023 412 generis,

135 437 440 493 Pannonia
486 435 634 493 hanc
680 436 868 515 gignit
915 443 973 491 et
1016 434 1224 494 Norici
1256 432 1622 519 Alpiumque
1667 440 1887 517 aprica⁷
1933 461 2028 495 ur-

134 541 293 599 bium
352 542 711 621 Eporredia:
789 550 961 598 tantae
1036 543 1333 598 suavitatis
1404 552 1470 601 ut
1541 543 1837 602 metallum
1898 566 2026 603 esse

134 651 390 726 caeperit.
480 647 764 707 Vestibus
812 650 1106 728 interponi
1153 651 1547 728 gratissimum
1604 682 1665 689 -
1736 650 2025 709 Saliuncae

130 754 297 812 radix
340 757 400 812 in
458 757 592 813 vino
654 755 896 815 decocta
961 757 1113 815 sistit
1168 757 1515 815 vomitiones
1573 765 1632 816 et
1676 756 2026 818 corroborat

131 860 556 922 stoniacliiim.“
614 895 674 902 -

448 1058 633 1121 XIX.
722 1056 1036 1117 Arundo
1093 1057 1586 1139 Phragmites
1632 1058 1709 1121 L.

294 1207 377 1267 H.
404 1205 465 1263 N
468 1249 483 1266 0
509 1206 685 1265 XVI.
737 1203 846 1262 56.
896 1204 1234 1281 ,,(]31ἃηιιιε,
1280 1204 1380 1264 ubi
1424 1205 1721 1266 limosiore
1756 1206 1906 1267 callo
1938 1210 2023 1268 in-

120 1310 349 1386 duruit⁷
417 1314 567 1368 sicut
622 1313 681 1367 in
740 1311 975 1389 Belgis,
1045 1321 1288 1369 contusa
1335 1322 1393 1371 et
1437 1316 1742 1372 interiecta
1787 1317 2019 1372 navium

118 1420 512 1477 commissuris
559 1419 904 1475 ferruminat
948 1428 1142 1475 textus
1189 1418 1411 1498 glutine
1445 1422 1706 1478 tenacior
1739 1422 2017 1502 rimisque

118 1524 421 1603 explendis
466 1525 695 1583 fidelior
741 1527 892 1603 pice·
927 1559 988 1567 -
1022 1524 1236 1583 Nullus
1285 1529 1509 1607 sagittis
1556 1530 1751 1606 aptior
1798 1537 1889 1586 est
1927 1550 2017 1586 ca-

115 1630 334 1706 lamus,
384 1652 558 1711 quam
603 1632 662 1686 in
706 1629 921 1687 Rheno
969 1631 1333 1689 Bononiensi
1378 1655 1582 1709 amne,
1629 1636 1722 1692 cui
1766 1632 2016 1713 plurima

115 1740 266 1796 inest
309 1736 560 1796 medulla
605 1736 957 1820 pondusque
1004 1736 1267 1799 volucre.
1360 1739 1599 1820 Quippe
1646 1762 1767 1799 non
1814 1741 2014 1802 eadem

115 1848 303 1925 gratia
345 1842 667 1925 Belgicisf‘
727 1875 791 1884 —

175 2042 325 2104 XX·
416 2041 814 2102 Conferva
858 2041 1314 2118 fluviatilis,
1362 2042 1805 2124 gelatinosa
1850 2046 1927 2104 L.

282 2192 365 2251 Η.
402 2191 463 2250 Ν
466 2235 481 2251 .
529 2191 800 2252 XXVII.
850 2190 912 2249 8.
961 2191 1327 2267 „peculiaris
1374 2202 1464 2250 est
1509 2191 1716 2271 alpinis
1763 2195 2008 2254 maxime

110 2298 444 2355 fluminibus
473 2297 772 2357 Conferva
806 2298 1096 2377 appellata
1133 2321 1165 2356 a
1203 2300 1786 2357 conferruminando:
1833 2324 2008 2379 spon-

107 2409 203 2486 gia
259 2428 542 2486 aquarum
601 2405 856 2464 dulcium
912 2409 1106 2464 verius
1155 2428 1329 2487 quam
1377 2428 1611 2464 muscus
1656 2416 1757 2466 aut
1802 2407 2006 2483 herba,

107 2512 327 2570 villosae
375 2512 672 2571 densitatis
722 2523 898 2594 atque
944 2512 1244 2574 fistulosae.
1318 2512 1604 2572 Curatum
1649 2537 1723 2572 ex
1769 2536 1835 2572 ea
1882 2516 2004 2572 scio

109 2617 374 2676 omnibus
434 2619 561 2676 fere
622 2617 850 2676 ossibus
912 2620 1228 2677 confractis
1283 2618 1628 2699 prolapsum
1673 2642 1746 2678 ex
1791 2618 2002 2679 arbore

106 2724 222 2782 alta
245 2734 579 2803 putatorem
613 2724 949 2782 circundata
986 2728 1262 2784 universo
1301 2728 1560 2804 corpori,
1596 2748 1804 2806 aquam
1839 2747 2002 2783 suam

106 2829 580 2909 inspergentibus
653 2832 885 2911 quotics
943 2832 1330 2905 inaresceret,
1405 2851 1661 2911 raroque
1724 2853 1832 2889 nec
1889 2832 2001 2889 nisi

106 2936 471 2994 deficientem
515 2936 755 3007 herbam
799 2940 1132 2996 mutationis
1168 2960 1341 2996 causa
1374 2937 1836 3016 resolventibus,
1862 2961 1997 2998 con-

106 3042 354 3102 valuisse
401 3045 500 3103 vix
544 3043 806 3103 credibili
853 3043 1211 3105 celeritatef‘

1680 3194 1764 3251 4*
