2153 3661
1952 113 2041 176 65

153 281 574 342 coenobiorum
610 278 798 338 hortis
840 276 1120 359 vulgariS.
1193 276 1390 336 Radix
1426 275 1625 336 odoris
1664 281 1889 355 eximii,
1925 284 2037 341 vir-

150 391 409 467 tutisque
455 389 515 443 in
575 387 793 460 Peste⁷
859 394 925 443 ut
983 383 1365 459 credebatur,
1418 383 1837 460 validissimae,
1903 385 2037 444 huie

148 514 358 549 nomen
404 500 757 549 monstratae
805 489 876 546 ab
900 486 1152 572 Angelis
1199 489 1415 549 herbae
1464 493 1838 570 compar-avit.
1898 492 2038 550 Pul-

145 600 232 655 vis
291 598 501 657 radicis
560 621 691 656 cum
749 598 911 654 Ruta
966 605 1025 654 et
1085 597 1140 652 Τ
1145 595 1377 654 heriaca
1437 599 1740 655 sanitatem
1783 599 2039 657 restituit

144 705 245 779 iis,
306 707 424 785 qui*
476 706 656 762 Peste
727 702 1087 761 laborabant.
1219 703 1500 762 Exterius
1572 704 1844 781 imposita
1902 703 2036 760 trita

143 812 514 870 rabiosorum
573 821 1107 891 venenatorumque
1166 809 1494 866 animalium
1551 831 1782 868 morsus
1831 830 2036 868 curare

144 919 392 991 credita⁷
450 926 515 974 ut
569 915 745 974 habet
802 914 1150 975 Matthiolus
1208 916 1269 971 in
1323 914 1661 972 Dioscorid.
1720 915 1828 972 IV.
1878 912 2034 974 814.

143 1022 238 1081 Cf.
307 1023 475 1081 Bock
544 1021 961 1081 Rr'auterbuch
1026 1043 1160 1100 pag.
1207 1017 1361 1080 156.
1431 1018 1685 1077 Saeculo
1754 1018 1913 1079 XVI
1978 1023 2038 1080 in

142 1128 436 1189 Saxoniae
483 1134 639 1211 agris
687 1140 902 1205 satam,
949 1129 1135 1187 refert
1178 1127 1331 1185 idem
1378 1125 1726 1184 Matthiolus
1771 1157 1857 1166 -—-
1902 1127 2034 1186 An-

137 1234 455 1314 gelicam
502 1238 948 1295 silvestrem
992 1235 1068 1296 L.
1130 1244 1340 1313 sponte
1389 1235 1548 1291 nasci
1594 1236 1652 1290 in
1697 1235 2034 1294 Pommera-

138 1342 251 1417 nia7
297 1351 503 1401 auctor
545 1353 639 1401 est
686 1341 756 1401 C.
804 1342 1106 1400 Gesnerus
1155 1343 1214 1396 in
1258 1341 1445 1398 bortis
1493 1340 1860 1399 Germaniae.

700 1511 841 1570 Vll.
922 1506 1336 1569 Scabiosae
1398 1508 1472 1565 L.

309 1635 677 1696 Scabiosa
721 1637 1017 1696 succisa
1072 1638 1146 1694 L.
1225 1636 1434 1695 Herba
1477 1648 1850 1716 praemorsaj
1906 1661 2032 1698 suc-

134 1746 285 1819 cisa,
332 1744 519 1802 Jacca
562 1746 761 1824 nigra,
822 1765 1054 1802 morsus
1104 1743 1335 1803 diaboli.
1423 1744 1724 1804 Brunfels.
1774 1744 2030 1805 Herbar.

132 1852 212 1909 II.
262 1873 396 1930 pag.
454 1848 563 1908 50.
638 1851 920 1925 „Morsus
968 1850 1183 1910 diaboli
1230 1852 1473 1926 (licitur,
1543 1873 1613 1909 eo
1662 1851 1824 1932 quod
1861 1874 2031 1929 vprae—

132 1979 387 2016 morsam
443 1958 670 2015 inferne
733 1956 988 2016 radicem
1045 1960 1230 2038 gerit,
1289 1979 1462 2037 quam
1506 1979 1539 2013 a
1587 1955 2030 2017 Cacodaemone

131 2062 500 2139 stibulantur,
538 2062 834 2142 extemplo
883 2062 984 2120 ubi
1018 2066 1178 2121 nasci
1214 2065 1476 2141 coeperit
1524 2061 1617 2120 vel
1654 2062 1801 2137 sodi,
1865 2086 2030 2142 prae-

133 2172 329 2248 cerpi,
375 2192 447 2227 ne
494 2172 554 2226 in
598 2191 769 2225 usum
813 2172 1007 2227 veniat
1051 2172 1203 2227 vitae
1249 2166 1592 2226 11111na11ae.“
1639 2198 1723 2210 --·‘

372 2275 742 2335 Scabiosa
833 2279 1175 2334 arvensis
1257 2286 1328 2334 et
1408 2274 1887 2334 Columbaria
1954 2277 2028 2333 L.

129 2382 337 2441 Herba
384 2384 633 2460 scabiei,
681 2407 924 2463 psorae7
970 2383 1269 2458 scabiosa,
1315 2380 1810 2461 Apostemlzraut,
1857 2381 2029 2457 (licta,

130 2490 292 2570 quod
339 2493 460 2548 eius
501 2513 709 2549 succus
756 2490 1008 2549 scabiem
1054 2490 1250 2569 pellat.
1308 2488 1588 2547 Brunfels
1615 2490 1695 2545 II.
1742 2511 1876 2568 pag.
1919 2486 2027 2545 25.

127 2596 297 2653 Eoclz
355 2595 487 2652 RB.
547 2616 680 2674 pag.
741 2593 850 2651 94.
984 2596 1080 2652 De
1141 2593 1439 2652 scabiosae
1487 2592 1707 2650 viribus
1755 2592 2029 2652 versiculi

127 2701 354 2783 aliquot
399 2700 676 2781 leguntur
735 2703 794 2757 in
838 2701 1124 2759 Matthaei
1182 2700 1447 2760 silvatici
1492 2700 1806 2758 pandectis
1853 2700 2026 2757 medi-

130 2810 292 2866 cinae
340 2802 645 2885 (Lug-duni
688 2801 868 2862 1478
903 2800 1034 2881 fol.)
1083 2803 1228 2882 Cap.
1269 2800 1448 2876 651.⁷
1484 2804 1544 2858 in
1577 2800 1871 2859 Herbario
1894 2803 2024 2860 Mo-

127 2914 363 2993 guntiae
410 2913 696 2989 impresso
745 2905 971 2988 (1484.
999 2904 1087 2988 4.)
1134 2907 1238 2967 fol.
1287 2906 1439 2965 159.
1487 2917 1545 2965 et
1588 2907 1720 2965 inde
1766 2909 1826 2964 in
1871 2909 2025 2966 Her-

128 3018 234 3077 bar
280 3021 486 3076 Patav.
534 3016 638 3075 fol.
692 3015 843 3075 159.
891 3019 1201 3092 „Dicitur,
1249 3014 1410 3097 quod
1456 3015 1520 3074 S.
1568 3014 1842 3072 Urbanus
1866 3016 2024 3072 Pon-

131 3103 279 3184 tifex
344 3126 640 3185 lWaximus
705 3124 778 3181 acl
843 3126 1185 3203 petitionem
1244 3121 1543 3181 cuiusdam
1601 3124 1823 3179 sororis
1885 3143 2022 3178 suae

133 3231 453 3292 anhelantis
501 3254 679 3313 super
722 3229 940 3291 herbae
999 3230 1169 3290 huius
1233 3232 1511 3307 virtutes9
1569 3230 1843 3311 quoniam
1898 3230 2024 3306 ipse

1603 3356 1636 3383 μ

1599 3374 1639 3407 ι)
