2153 3661
1974 146 2033 162 0-

1949 146 2036 201 bo

139 301 443 360 herbariae
481 308 680 376 patres
720 295 943 354 duabus
982 314 1165 375 porro
1204 304 1448 353 utuntur
1484 294 1731 373 plantis,
1785 302 1833 356 si
1872 301 2030 361 habi..

140 422 262 465 tum
302 416 567 483 spectes⁹
617 405 743 462 fere
794 402 1104 477 similibus,
1156 401 1299 460 locis
1352 401 1584 460 incultis
1625 404 1697 459 ad
1734 420 2032 467 muros-et

137 535 308 591 sepes
340 532 559 590 aspero
614 511 772 567 victu
811 507 1219 583 nascentibus7
1271 508 1747 567 Chelidoniarum
1801 516 2032 573 nomine

140 620 319 679 notiS.
417 618 589 692 Quae
650 626 786 674 sunt
847 614 1371 674 Chelidonium
1423 618 1662 673 maius
1711 628 1769 676 et
1821 619 2035 678 Gera-

136 728 333 784 nium
372 724 930 782 Robertianum
973 723 1047 779 L.

266 900 422 956 Mira
462 906 629 973 sunt⁷
681 917 832 977 quae
887 896 958 953 de
1001 895 1347 953 Chelidonia
1397 899 1618 956 maiore
1671 910 1870 957 narrat
1909 901 2033 958 Ma-

130 1027 235 1064 cer
277 998 349 1082 39)
388 1002 428 1064 l.
468 1025 520 1063 c.

309 1133 623 1206 „Caecatis
662 1130 837 1210 pullis
875 1130 984 1187 hac
1023 1128 1241 1185 lumina
1279 1139 1466 1186 mater
1505 1129 1759 1186 hirundo

307 1238 538 1295 Plinius
577 1248 642 1295 ut
683 1237 917 1311 Scribit,
970 1236 1232 1316 quamvis
1273 1237 1389 1291 sint
1429 1246 1625 1310 eruta,
1664 1236 1873 1297 reddit.

304 1341 479 1400 Hanc
519 1343 680 1399 nasci
718 1342 917 1399 dieunt
956 1339 1157 1397 avibus
1198 1339 1565 1397 venientibus
1603 1341 1750 1416 illis,

309 1449 391 1505 Et
431 1448 748 1521 desiccari⁷
787 1446 960 1504 solito
1002 1445 1139 1502 dum
1175 1467 1338 1503 more
1376 1446 1687 1521 recedunt,

304 1554 568 1634 Indeque
609 1575 824 1610 nomen
861 1552 1038 1610 habet
1080 1550 1490 1611 Chelidonia.“
1529 1584 1614 1594 --

129 1703 544 1764 Chelidonium
589 1705 794 1779 maius,
833 1724 1010 1761 succo
1047 1702 1240 1761 lacteo
1280 1724 1354 1760 ex
1393 1704 1760 1759 amaro-acri
1787 1712 2031 1782 turgens

128 1810 333 1886 'herba9
368 1812 621 1891 ideoque
656 1813 807 1869 inter
836 1833 1060 1869 venena
1088 1832 1120 1866 a
1146 1809 1494 1891 quibusdam
1522 1809 1827 1884 collocata⁷
1865 1831 2032 1888 prae-

131 1919 548 1976 stantissimum
615 1918 743 1975 aevi
793 1917 968 1976 medii
1029 1916 1365 1974 auctoribus
1417 1916 1655 1974 medicis
1708 1915 2033 1974 habebatur

132 2024 452 2082 remedium
492 2022 565 2078 ad
601 2021 753 2079 mala
792 2021 1118 2096 oculorum,
1153 2021 1525 2080 Cataractam
1553 2025 1892 2101 praecipue,
1930 2044 2031 2080 no-

124 2140 369 2210 straque
396 2139 584 2187 aetate
611 2131 880 2187 inmerito
905 2130 1107 2187 forsan
1129 2128 1464 2209 negligitur.
1496 2129 1840 2209 Laudamur
1861 2130 2033 2188 huius

129 2239 286 2294 vires
326 2238 692 2314 potissimum
714 2237 798 2296 H.
826 2237 1031 2315 Trago
1074 2230 1169 2313 ⁴⁰),
1209 2235 1546 2314 Theophilo
1571 2237 1803 2294 Boneto
1841 2231 1935 2315 4¹),
1974 2248 2034 2297 ct

128 2341 430 2422 Gregorio
490 2344 741 2401 Horstio
774 2338 881 2421 ⁴²).
980 2342 1119 2401 Cfd.
1183 2342 1370 2401 Sachs
1432 2343 1552 2400 und
1610 2343 1774 2400 Dulk
1829 2343 2034 2401 Hand-

129 2447 503 2506 worterbuch
577 2448 634 2509 d.
707 2450 901 2529 pralit.
962 2448 1533 2508 Arzneimittellehre
1555 2491 1572 2525 9
1651 2449 2033 2530 Riinigsberg

136 2549 338 2613 1850.
391 2555 441 2614 L
483 2553 572 2611 32
584 2553 644 2615 7.

247 2811 330 2854 59.
362 2814 438 2853 Ad
469 2819 655 2856 mentem
684 2814 843 2865 Plinii,
875 2815 1034 2857 histor.
1065 2819 1207 2857 natur.
1241 2814 1394 2858 XXV.
1417 2815 1534 2859 XII.
1568 2815 1863 2864 „Chelidonia
1884 2815 2032 2856 birun-

132 2882 256 2922 dines
290 2884 429 2924 oculis
463 2886 686 2937 pullorum
718 2888 761 2925 in
795 2888 898 2927 nido
931 2889 1169 2929 restituunt
1200 2890 1367 2936 visum,
1409 2893 1458 2928 ut
1498 2889 1676 2943 quidam
1717 2888 1871 2928 volunt
1903 2889 2033 2928 etiam

135 2954 271 2993 crutis
318 2956 507 2995 oculis.“
568 2955 668 2998 Csd.
708 2956 945 3001 Aristotel.
994 2961 1046 3001 de
1087 2975 1232 3013 gener.
1281 2960 1454 2999 animal.
1486 2958 1565 3001 IV.
1606 2960 1692 2999 VI.
1729 2964 1772 2999 et
1801 2959 2024 2999 Matthia!

133 3025 364 3065 comment
396 3027 440 3065 in
471 3026 721 3066 Dioscorid.
767 3029 818 3070 L.
851 3029 916 3070 ΙῙ.
951 3045 987 3071 c.
1026 3031 1139 3073 176.
1173 3054 1226 3060 --
1258 3031 1341 3073 40.
1376 3031 1690 3071 Kri'nutcrbuch
1722 3046 1823 3086 pag.
1859 3030 1943 3073 42.
1975 3050 2026 3058 --

134 3095 217 3136 4-1.
248 3096 508 3151 Polyalthes
542 3112 574 3138 s,
608 3098 802 3141 thesaur.
835 3101 988 3141 medic.
1021 3106 1162 3157 praet.
1197 3101 1364 3144 Genc’v.
1402 3100 1552 3144 1694.
1585 3103 1664 3144 fol.
1698 3117 1800 3156 pag.
1834 3100 1952 3142 978.
1977 3124 2031 3130 —-

134 3165 217 3208 42.
262 3169 428 3221 „Aqua
473 3173 515 3208 et
557 3183 709 3210 succus
751 3169 1022 3214 chelidoniae
1064 3172 1133 3213 vel
1177 3172 1270 3213 sola
1298 3173 1368 3214 vel
1399 3175 1536 3213 mixta
1569 3188 1666 3214 eum
1698 3174 1797 3212 aliis
1831 3172 2030 3225 collyriis

133 3236 408 3287 nubeculam,
440 3238 754 3282 obscuritatem
786 3247 827 3281 ct
859 3257 997 3292 omne,
1033 3243 1152 3298 quod
1183 3257 1378 3284 crassum
1408 3248 1475 3284 est
1506 3244 1550 3284 in
1574 3243 1765 3298 pupilla,
1799 3242 2028 3284 discutif.“

134 3307 323 3348 Ilm-har.
357 3308 402 3347 in
431 3323 535 3365 opp.
569 3325 682 3355 omn,
715 3312 1087 3367 Noribg·.·1640.
1119 3313 1200 3358 sol.
