2153 3661
1905 127 1995 188 27

262 279 334 332 Et
372 279 535 333 solito
574 277 631 332 id
671 280 826 334 multi
866 282 1126 355 prodesse
1166 302 1357 358 sapore
1393 297 1674 356 notarent,

264 363 431 416 Plura
469 373 644 416 tamen
683 366 929 437 propriis
960 368 1313 423 medicamina
1352 372 1562 427 viribus
1603 376 1715 428 acri

99 448 225 500 550
261 449 501 500 Exhibet
541 449 779 510 auxilio,
816 449 968 502 cuius
1007 451 1053 503 si
1091 453 1218 505 trita
1259 474 1503 527 capessas

258 538 516 607 Semina,
554 551 866 612 torquentes
906 541 1095 595 urinae
1136 544 1389 616 frangere
1427 549 1590 602 tricas

265 632 524 700 Dicitur,
562 632 741 705 ipsum
782 633 941 684 etiam
978 643 1165 688 tenero
1204 657 1325 689 enm
1364 640 1610 709 gramine
1649 660 1890 694 mansum

262 722 570 795 Concoquit
608 733 844 775 errantes
884 727 1142 778 stomachi
1183 731 1554 799 penetralibus
1593 751 1756 784 escas.

260 814 523 886 Corporis
566 815 710 866 hunc
744 834 929 884 regem
967 816 1192 868 turbans
1231 819 1277 869 si
1315 839 1511 872 nausea
1549 833 1745 888 vexet,

97 905 217 956 555
258 905 388 957 Mox
426 905 635 978 Apium
671 906 890 979 lympha
929 907 1184 979 tristique
1221 908 1441 962 bibatur
1478 922 1661 980 aceto,

237 997 426 1049 Passio
464 1006 578 1049 tum
616 997 783 1050 celeri
824 998 976 1051 cedet
1018 999 1226 1052 devicta
1266 1002 1522 1056 medelae.

671 1113 822 1165 XIX.
894 1113 1409 1168 BETONICA.

257 1203 539 1257 Montibus
579 1212 632 1256 et
669 1204 826 1257 silvis
864 1205 1032 1276 pratis
1071 1215 1123 1258 et
1160 1207 1396 1260 vallibus
1441 1207 1569 1261 imis

263 1294 560 1347 Betonicae
598 1295 835 1368 pretiosa
873 1297 1001 1349 licet
1041 1297 1293 1350 collectio
1332 1300 1539 1351 eunetis

258 1386 439 1440 Paene
477 1387 614 1440 locis
652 1398 868 1460 superet
907 1389 1137 1460 passim,
1174 1399 1351 1442 tamen
1389 1392 1527 1444 hanc
1565 1411 1780 1464 quoquc
1814 1403 1998 1446 noster

99 1478 222 1531 540
261 1478 473 1530 Hortus
512 1477 674 1528 habet
713 1477 963 1547 cultaque
1003 1477 1161 1530 docet
1199 1499 1571 1533 mansuescere
1609 1491 1769 1535 terra.

259 1569 415 1621 Haec
453 1576 658 1619 tantum
696 1569 890 1618 meruit
928 1567 1172 1638 generali
1208 1569 1432 1622 nomine
1469 1570 1676 1638 landis,

258 1660 333 1712 Ut
372 1659 416 1711 si
456 1658 587 1731 quid
625 1678 741 1711 mea
778 1659 936 1713 Musa
977 1659 1112 1713 velit
1150 1661 1583 1732 supperaddere,
1619 1663 1834 1718 tandem

258 1751 408 1804 Mole
447 1744 627 1823 op'eris
668 1751 878 1805 devicta
916 1752 1000 1804 sui
1041 1752 1147 1805 iam
1187 1753 1405 1820 sentiat,
1446 1755 1539 1808 illa

263 1843 512 1895 Utilitate
549 1843 728 1895 minus
769 1843 1031 1915 quicquid
1071 1844 1470 1917 deprompserit
1507 1867 1638 1899 esse.

98 1934 221 1989 545
262 1935 423 1987 Hanc
460 1934 693 1988 viridem
732 1934 779 1987 si
820 1935 963 1988 torte
1001 1945 1122 1989 tuos
1163 1937 1378 1991 coneris
1416 1938 1474 1991 in
1513 1958 1642 1992 usus

261 2026 535 2100 Carpere,
574 2027 891 2082 siccatamve
929 2028 1098 2081 hiemi
1138 2029 1409 2102 deponere
1446 2031 1669 2103 pigrae,

263 2118 510 2172 Turbida
550 2118 667 2171 sive
705 2126 823 2169 tuas
862 2118 1135 2170 oblectant
1171 2120 1365 2189 pocula
1406 2121 1624 2188 fauces,

264 2210 378 2264 Seu
417 2209 598 2283 potius
642 2210 807 2280 longo
846 2209 948 2262 tibi
990 2209 1268 2262 defaecata
1307 2210 1498 2264 labore

263 2303 423 2355 Dona
461 2301 708 2373 placent,
749 2299 908 2351 huius
945 2299 1118 2352 virtus
1158 2299 1427 2352 mirabilis
1465 2299 1668 2353 hel-hae

102 2395 226 2448 550
265 2393 467 2448 Omnia
503 2392 762 2459 sufficiet,
801 2411 960 2464 quam
998 2391 1256 2464 quosdam
1293 2392 1532 2465 pendere
1570 2392 1706 2446 tanti

217 2572 337 2616 528.
369 2572 512 2614 solido
541 2570 649 2615 Nor.
681 2576 888 2627 putarent
915 2571 1035 2613 Mon.
1066 2577 1281 2627 putarunt
1319 2571 1429 2616 Nor.
1491 2592 1545 2601 -
1605 2570 1723 2614 551.
1768 2570 1838 2616 Cf.
1881 2571 2001 2617 Plin.

101 2644 331 2686 Valerian.
367 2645 421 2686 de
450 2658 498 2683 re
526 2642 697 2683 medica
728 2640 953 2699 Cap.xx.
988 2642 1142 2683 Celsus
1164 2644 1216 2685 dc
1243 2643 1406 2688 Medic.
1427 2643 1592 2686 ῙῙ.51.
1625 2667 1680 2674 -
1712 2643 1832 2688 554.
1851 2645 2003 2686 Sel-en.

103 2716 280 2760 Samon.
313 2715 366 2757 de
396 2714 559 2757 Medic.
591 2728 633 2757 v.
667 2713 772 2756 294
801 2715 885 2755 Ed.
916 2713 1124 2754 Humelb.
1185 2713 1313 2768 „Qui
1343 2715 1626 2757 Stomachum
1671 2729 1822 2767 regem
1861 2715 2004 2754 totius

104 2787 309 2841 corporis
342 2801 433 2828 esse
463 2785 767 2834 contendunt,
799 2799 900 2826 vera
931 2785 1016 2824 niti
1047 2785 1217 2825 ratione
1247 2785 1474 2833 videntur,
1507 2784 1651 2824 Huius
1684 2785 1800 2824 enim
1828 2785 2003 2826 validus

102 2857 251 2898 firmat
279 2863 406 2898 tenor
437 2857 583 2898 omnia
611 2857 831 2907 membra,
861 2856 922 2896 Et
953 2860 1107 2896 contra
1140 2856 1332 2896 eiusdem
1356 2856 1620 2910 franguntur
1640 2860 1792 2897 cuneta
1817 2855 2003 2896 dolore“

104 2928 166 2971 Cf
207 2928 425 2969 Arctaeus
457 2928 596 2969 morb.
630 2925 825 2969 chronic.
872 2927 939 2969 ΙΙ.
980 2926 1027 2970 6.
1068 2927 1188 2969 Plin.
1221 2926 1442 2968 Vulci-ian.
1475 2926 1528 2965 de
1559 2925 1628 2967 Re
1659 2926 1774 2969 med.
1807 2925 2003 2969 XXIII.

103 2999 283 3055 Regim.
316 2999 492 3040 Salern.
525 3011 621 3051 cap.
657 2994 791 3039 XXI.
821 2997 904 3037 Ed.
936 2997 1060 3050 Sylv.
1091 3019 1150 3028 —-
1193 2996 1311 3040 556.
1344 2996 1464 3037 Dum
1493 2995 1600 3039 Nor.
1634 3021 1689 3027 —
1720 2996 1837 3038 558.
1870 2999 2002 3038 Veto-

104 3072 229 3111 nieae
267 3070 389 3112 Mon.
420 3068 690 3109 Vectonicae
719 3066 828 3110 Nor.
861 3066 1120 3107 Bettonicae
1153 3067 1278 3110 Vien.
1311 3067 1376 3118 V.
1398 3068 1565 3110 Anton.
1607 3067 1762 3108 Musae
1792 3068 1846 3109 (le
1865 3066 2001 3109 herba

104 3141 322 3183 Betonica
351 3140 404 3180 L.
438 3139 577 3180 Basil.
610 3139 656 3179 in
688 3136 982 3180 Coll.T0rini
1018 3136 1167 3181 1525.
1199 3138 1298 3179 Fol.
1336 3138 1631 3179 Betonica
1662 3138 1999 3180 officinalis

103 3213 158 3255 L.
190 3233 246 3242 -
276 3209 398 3254 559.
430 3210 554 3251 Pone
583 3209 685 3252 Fre.
729 3232 784 3239 —
824 3207 942 3251 550.
978 3207 1049 3251 Cf.
1079 3208 1311 3265 Baptistae
1338 3207 1495 3252 Fierae
1525 3206 1675 3252 Coena
1686 3219 1707 3259 ,·
1732 3206 1846 3264 Cap.
1880 3206 1997 3250 14¹1.

105 3283 279 3333 (Frcof.
315 3281 572 3335 1571.)--·
600 3277 719 3325 Plin.
751 3279 809 3324 H.
839 3279 896 3324 N.
931 3277 1085 3324 XXV.
1117 3277 1166 3322 8.
