2153 3661
1907 178 1988 237 17

109 328 227 381 100
263 327 606 400 Assnrgens,
644 331 844 401 parmis
884 332 1143 386 {oliorum
1185 336 1403 389 suscitat
1440 338 1658 392 umbras

259 421 544 491 Ingentes,
583 423 898 495 crebrisque
936 426 1064 478 iacit
1100 428 1394 481 retinacula
1429 432 1606 484 ramis.

259 514 347 565 Ac
385 514 534 567 velut
571 515 774 566 ulmum
814 517 1008 568 hedera
1037 518 1306 590 implicuit
1344 541 1465 573 cum
1497 523 1784 577 frondibus
1811 525 1988 592 altam7

257 603 427 656 Ruris
467 605 705 677 abusque
743 607 859 659 sinu
901 608 1000 660 toti
1042 629 1134 661 sua
1173 610 1395 664 brachia
1434 605 1638 666 circum

255 698 405 751 Laxa
444 700 593 752 dedit
631 701 812 772 ligno,
852 722 1224 775 summumque
1262 713 1485 775 sequuta
1524 724 1775 759 cacumen

98 788 215 842 105
256 789 494 843 Corticis
534 792 770 843 occuluit
807 793 971 844 viridi
1010 795 1271 845 tutamine
1306 804 1470 864 rugas

253 883 371 934 Aut
408 881 743 936 arbustivum
781 882 910 935 vitis
949 902 1155 953 genus,
1194 884 1389 936 arbore
1428 904 1550 937 cum
1587 906 1646 939 se

252 972 534 1044 Explicuit
575 973 792 1045 quavis,
831 993 1210 1045 ramorumque
1249 976 1355 1028 alta
1394 976 1669 1048 corymbis

256 1063 461 1116 Vestiit
497 1073 550 1116 et
585 1065 810 1137 propria
848 1086 1060 1118 sursum
1099 1086 1157 1119 se
1196 1075 1386 1139 sponte
1423 1068 1658 1135 levavit,

247 1155 468 1209 Visitur
507 1177 638 1228 ergo
675 1158 876 1212 rubens
915 1159 1087 1211 aliena
1126 1159 1184 1211 in
1223 1160 1350 1212 sede
1389 1179 1635 1212 racemus

89 1248 211 1299 110
246 1248 601 1321 Dependere,
639 1251 839 1322 premit
876 1252 1113 1303 tabulata
1150 1251 1382 1304 virentia
1419 1252 1700 1318 Bacchus,

245 1338 542 1412 Pampinus
584 1349 636 1392 et
675 1341 896 1394 frondes
935 1341 1199 1394 discernit
1236 1342 1400 1394 latior
1439 1344 1596 1395 altas:

246 1430 341 1484 Sic
380 1452 497 1485 mea
533 1433 612 1485 sic
651 1433 836 1504 fragili
877 1434 942 1485 de
981 1434 1151 1506 stirpe
1190 1434 1493 1488 Cucurbita
1531 1455 1759 1506 surgens

198 1527 205 1531 ’
239 1522 444 1593 Diligit
481 1512 750 1595 adpositas
788 1544 882 1576 sua
920 1526 1279 1577 sustentacula
1318 1527 1532 1591 fureas,

239 1612 427 1685 Atque
465 1613 709 1685 amplexa
748 1632 869 1670 suas
908 1614 1061 1666 uncis
1098 1623 1244 1667 tenet
1282 1615 1557 1686 unguibus
1596 1616 1763 1668 alnos.

81 1705 199 1759 115
236 1704 320 1758 Ne
358 1724 488 1759 vero
526 1705 718 1758 insano
756 1704 943 1760 divelli
983 1705 1201 1759 turbine
1239 1706 1438 1778 possit,

237 1797 390 1869 Quot
429 1807 648 1869 generat
684 1798 888 1866 nodoS‚
924 1809 1004 1851 tot
1041 1799 1147 1852 iam
1184 1799 1479 1852 retinacula
1517 1798 1722 1866 trudit,

240 1890 312 1943 Et
352 1890 603 1962 quoniam
644 1891 916 1962 duplicem
953 1892 1261 1963 producunt
1300 1892 1511 1962 singula
1550 1893 1766 1958 sunem,

234 1980 491 2053 Undique
531 1982 789 2035 fulturam
829 1983 1016 2035 dextra
1052 1984 1310 2054 laevaque
1349 1982 1706 2055 prehendunt.

235 2072 308 2125 Et
346 2075 495 2126 velut
533 2074 592 2126 in
631 2076 810 2127 fusum
853 2085 1040 2128 nentes
1081 2096 1201 2129 cum
1239 2095 1404 2146 pensa
1444 2075 1659 2147 puellae

77 2164 196 2219 120
235 2165 430 2220 Mollia
466 2165 772 2232 traiicinnt9
812 2167 1086 2238 spirisque
1125 2167 1440 2237 ingentibus
1481 2184 1693 2217 omnem

231 2259 279 2311 F
283 2258 482 2310 ilorum
520 2258 715 2311 seriem
752 2259 1011 2331 pulchros
1050 2267 1320 2311 metantur
1356 2257 1415 2310 in
1456 2257 1643 2309 orbes:

235 2349 333 2403 Sic
371 2369 504 2421 vaga
542 2350 820 2402 tortilibus
861 2350 1135 2419 stringunt
1173 2359 1382 2402 amenta
1420 2347 1620 2401 catenis

232 2439 519 2493 Scalarum
558 2450 754 2493 teretes
793 2441 1188 2511 involvuntque
1227 2441 1379 2492 illico
1419 2440 1634 2511 virgas,

229 2530 459 2584 Viribus
503 2541 555 2585 ct
593 2532 807 2585 discunt
847 2533 1034 2584 alienis
1073 2540 1212 2585 tecta
1252 2550 1503 2586 cavarum

68 2697 408 2705 mmo—“-

184 2807 298 2851 102.
331 2809 384 2851 V.
416 2809 591 2852 Plinius
621 2811 741 2855 Hist.
772 2811 876 2857 Nat.
911 2810 1026 2854 XVI
1056 2811 1139 2854 54.
1161 2832 1216 2840 ·-
1241 2808 1357 2852 105.
1397 2808 1527 2861 virg.
1560 2805 1728 2859 Georg.
1757 2805 1811 2845 II
1841 2803 1960 2846 567.

70 2875 187 2919 110.
230 2877 425 2920 tabulate
466 2880 576 2924 Nor.
610 2882 831 2922 Tabulata
865 2888 965 2924 sunt
996 2883 1172 2923 ordines
1203 2892 1422 2921 ramorum
1451 2878 1498 2916 in
1527 2876 1788 2925 arboribus,
1830 2876 1961 2916 ulmis

65 2948 293 3003 ἱΠΡΓῙῙΠῘΒ,
326 2951 696 3005 prominentium,
742 2969 851 3009 quos
882 2956 1037 2996 recisis
1069 2955 1170 2994 aliis
1199 2953 1261 2993 ita
1294 2952 1338 2990 in
1370 2949 1504 3002 plana
1534 2949 1747 2997 tendunt,
1779 2953 1828 2988 ut
1859 2948 1960 2989 Ser-

65 3019 161 3059 vius
194 3021 285 3070 ait,
319 3021 506 3062 dilatant
537 3037 586 3063 ac
618 3036 700 3078 per
731 3019 1159 3078 gradus’fleflectunt
1190 3021 1437 3078 agricolae,
1486 3025 1535 3060 ut
1563 3018 1832 3060 robustiores
1864 3018 1958 3072 pal-

64 3091 193 3131 mites
223 3106 354 3132 unum
384 3097 485 3147 post
529 3093 715 3134 alterum
745 3109 913 3135 ramum
943 3097 1160 3150 attingere
1204 3095 1344 3149 iisque
1375 3107 1465 3134 sese
1494 3090 1722 3146 applicare
1756 3089 1955 3142 possint.

66 3159 138 3203 Cf.
175 3161 346 3205 Colum.
377 3162 435 3205 R.
466 3163 523 3206 R.
567 3164 652 3207 VI.
689 3163 769 3213 11,
828 3164 906 3207 12.
939 3189 993 3195 ——-
1030 3163 1145 3209 114.
1187 3165 1378 3207 Alnus
1410 3164 1706 3219 glutinosa
1737 3161 1790 3203 L.
1822 3160 1975 3200 arborv

64 3232 111 3271 in
144 3231 379 3274 Germania
413 3249 463 3275 ea
507 3239 650 3276 aetate
693 3236 884 3290 plurima
921 3250 1110 3281 nascens.
1143 3259 1197 3269 ===·
1232 3233 1349 3280 119.
1391 3234 1520 3289 Virg.
1566 3234 1735 3288 Georg.
1765 3231 1792 3274 Ῑ
1834 3228 1953 3280 590,

63 3301 147 3347 IV.
187 3301 305 3350 548.
337 3327 396 3339 -
442 3303 543 3349 124
571 3307 786 3353 Ediscuut
813 3307 936 3355 Mon,
966 3331 1020 3339 -=
1085 3328 1092 3334 ν
