2153 3661
290 276 414 327 Una
441 274 619 325 minor
659 273 835 323 fertur
870 282 923 324 et
962 271 1172 326 dieitur
1199 272 1362 324 altera
1402 272 1602 340 maior,

282 365 442 416 Hane
481 383 708 435 quoque>
733 362 1037 416 Consiriam
1076 363 1293 434 quidam
1332 363 1568 416 vocitare
1607 363 1846 418 solebant
1870 406 1883 431 ‚

281 457 486 509 Dicunt
525 465 807 527 utramque
844 454 1033 507 fractis
1072 455 1356 527 ruptisque
1396 456 1613 508 mederi.

278 549 429 600 Albo
469 548 612 600 flore·
638 547 815 599 minor
851 546 1032 616 surg-it
1069 566 1167 618 per
1204 556 1355 618 prata
1392 547 1615 619 viasque

283 641 422 693 Cum
463 639 597 691 folio
637 658 802 709 parvo
843 637 1014 691 viridi
1043 646 1326 713 terraeque
1364 638 1614 706 iacenti,

273 730 454 782 Maior
491 729 764 783 Consolda
802 730 1015 800 passim:
1038 717 1311 801 reperitur
1347 729 1406 781 in
1446 721 1596 782 ortis.

272 823 466 876 Pulvis
506 842 626 875 eum
666 822 792 875 vino
831 823 1074 875 mulieris
1113 833 1386 876 menstrua
1427 824 1672 893 stringit‚

273 914 530 983 origano·
559 911 818 964 stomachi
856 912 1031 983 placat
1068 914 1353 966 coniuncta
1403 915 1590 966 dolose

270 1005 337 1059 In
374 1004 572 1077 tepidis
609 1003 801 1077 prunis
842 1004 995 1055 radix
1035 1003 1150 1056 eius
1191 1003 1331 1055 hene
1369 1012 1521 1056 eoeta

270 1097 342 1149 Et
381 1097 529 1149 melli
570 1097 748 1148 iuncta
790 1096 988 1148 fractos
1028 1105 1327 1168 ruptosque
1364 1094 1616 1162 iuvabit„

269 1188 593 1242 Antidotum
632 1189 739 1240 tale
776 1188 991 1240 ieiunus
1031 1208 1243 1240 sumere
1283 1187 1461 1240 debes.

266 1281 448 1333 Huius
486 1280 696 1332 radices
736 1291 916 1332 coetae
955 1281 1212 1351 mellique
1250 1280 1466 1351 iugatae

267 1374 337 1425 Et
375 1373 583 1444 piperis
622 1381 877 1443 quantum
916 1372 1019 1423 tibi
1060 1372 1349 1426 convenire
1388 1371 1618 1425 videtur-

266 1465 484 1518 Tussim
521 1464 816 1530 sedabunt,
856 1473 908 1516 et
945 1464 1012 1515 ad
1048 1463 1240 1516 intima
1279 1464 1460 1517 iuncta
1499 1463 1768 1518 valebuntss

264 1557 327 1611 Si
366 1557 488 1629 quis
529 1577 644 1609 eam
686 1557 896 1609 dubitat
932 1565 1137 1609 tantum
1175 1557 1392 1610 virtutis
1430 1557 1664 1625 babere,

260 1649 471 1701 Tunsas
509 1647 716 1700 radices
755 1647 932 1700 mittat
968 1667 1090 1700 cnm
1129 1667 1288 1700 carne
1325 1649 1631 1720 coquenda3

261 1739 432 1811 Quae·
456 1739 641 1793 divisa·
667 1738 822 1811 prius
863 1741 1109 1806 fuerant,
1147 1739 1432 1793 coniuncta
1471 1739 1713 1806 videbis,

261 1833 510 1901 Ossaque
548 1831 822 1883 eonfraeta
859 1831 948 1884 vel
988 1841 1336 1903 conquassata
1374 1831 1620 1900 iuvabis,

262 1923 327 1977 Si
365 1923 493 1976 vino
532 1922 708 1994 piperi
747 1922 897 1975 melli
935 1924 1131 1976 sociata
1169 1923 1419 1989 bibatur,

255 2014 500 2066 Vulnera
537 2022 789 2086 rupturas
830 2014 1096 2067 fracturas
1135 2015 1214 2067 sie
1253 2015 1590 2082 medicatur,

260 2107 341 2162 Os
380 2107 611 2160 fractum
649 2105 844 2159 solidat
882 2115 1045 2160 uncto
1084 2107 1255 2162 veteri
1293 2107 1564 2162 soeIatum.

1940 111 2028 176 99
