2153 3661
136 178 230 249 94

280 343 514 398 Ferreus
552 336 678 388 huic
716 333 862 388 calor
900 339 1008 397 cst,
1046 336 1265 381 naturae
1302 326 1434 379 mira
1473 336 1740 399 potestaS‚

286 430 530 488 Feminei
570 446 727 479 sexus
764 424 1007 476 referens
1046 420 1299 471 mutando
1338 419 1584 483 labores,

281 525 419 578 Nam
460 518 654 591 quihus
694 536 758 568 ex
798 513 971 567 causis
1011 511 1262 562 dubium:
1302 509 1394 561 sed
1433 520 1673 580 tempore
1712 518 1856 562 certo

277 610 539 683 Concipit
577 618 630 661 ct
665 607 808 681 parit
847 614 898 657 et
936 603 1243 676 parentibus
1281 600 1573 652 auxiliatur

281 701 485 755 Ultima
525 716 654 770 quas
691 703 848 764 urget
887 693 1037 744 dubii
1077 690 1406 744 discriminis
1445 690 1593 740 hora.

279 792 489 863 Accipe
526 787 768 842 Satirion
807 785 993 855 lingua
1031 782 1144 836 avis
1183 781 1653 851 Mercuriumque,

283 883 491 955 Accipe
529 879 912 951 Pimpincllam
951 885 1002 928 et
1040 885 1153 927 tere
1193 894 1312 926 eum
1349 872 1863 944 Caprifoliumquc,

284 975 496 1046 Accipe
532 970 798 1025 Cerelolii
835 989 1051 1021 succum
1090 976 1142 1019 et
1179 965 1578 1035 Argentillam,

289 1066 362 1120 Et
399 1064 622 1119 totidem
659 1060 836 1114 mellis
873 1067 926 1112 et
963 1058 1028 1109 da
1064 1056 1255 1108 hibere
1292 1053 1538 1126 patienti.

854 1201 1021 1263 GM».
1069 1199 1337 1262 LXVII.

679 1326 796 1383 DE
849 1321 1494 1379 ROREMARINO.

288 1466 566 1536 Quantum
605 1458 835 1531 cognovi
875 1457 1046 1510 dicam
1082 1455 1150 1508 de
1187 1455 1338 1520 Rore
1375 1453 1614 1506 marino:

288 1557 503 1610 Nomen
540 1554 645 1606 tale
683 1561 827 1604 tenet
867 1550 1117 1622 quoniam
1154 1547 1350 1601 crescit
1387 1566 1532 1599 mare
1570 1545 1749 1612 iuxta,

291 1644 498 1697 Natura
536 1641 741 1717 calidus
780 1649 831 1691 ct
868 1640 1138 1709 stringens
1174 1638 1371 1690 dicitur
1409 1657 1555 1704 esse,

291 1736 431 1791 Nam
467 1734 647 1785 locum
684 1730 928 1801 stringit:
970 1730 1143 1782 dentis
1181 1730 1367 1782 sedare
1407 1730 1650 1783 dolorem

295 1826 363 1880 Si
400 1824 668 1876 masticata
708 1822 876 1874 fuerit
913 1821 1102 1886 radix,
1139 1821 1484 1892 perhibetur,

292 1916 426 1971 Sive
464 1934 626 1986 super
664 1913 847 1964 dentes
887 1911 1002 1965 eius
1040 1931 1229 1964 succus
1267 1920 1525 1964 teneatur.

297 2006 462 2059 Istam
501 2002 832 2055 contundens
870 2002 990 2053 oleo
1032 2002 1079 2052 si
1117 2001 1309 2070 iungas
1345 2002 1524 2068 olivo,

297 2096 645 2164 Languentes
683 2098 832 2143 sanat
845 2127 862 2157 7
898 2099 1289 2161 procurataque
1327 2090 1557 2162 prurigo

301 2190 411 2243 Per
450 2206 638 2240 succus
676 2183 836 2236 huius
873 2182 1040 2235 hiduo
1079 2181 1369 2253 triduoque
1405 2191 1650 2254 receptos
1663 2220 1682 2250 ,

299 2280 375 2334 Ut
411 2279 666 2349 iungatur
703 2295 869 2349 aquae
907 2275 1112 2329 calidae
1148 2274 1426 2346 veterique
1463 2275 1699 2328 Falerno
1712 2290 1733 2345 7·

302 2372 457 2426 Haec
493 2369 684 2423 tussim
721 2377 909 2422 curant
943 2366 1123 2441 piperi
1161 2368 1376 2422 mellive
1412 2367 1609 2439 iugata.

303 2463 643 2535 Interim-que
681 2461 840 2514 dolor
875 2469 1029 2533 pacto
1069 2470 1286 2514 curatur
1325 2461 1528 2514 eodem.

306 2553 473 2607 Istius
510 2553 717 2604 cineres
759 2552 895 2603 atico
934 2553 1085 2602 melli
1124 2553 1310 2603 sociati
1594 2544 1598 2547 ’

307 2645 397 2699 Ex
433 2643 605 2696 oeulis
642 2642 825 2706 album
863 2650 1109 2712 tergunt,
1147 2642 1321 2694 claros
1360 2660 1574 2713 quoque
1609 2639 1854 2696 reddunt·

309 2737 465 2791 Haec
502 2734 651 2806 adipi
690 2733 978 2805 iunctaque
1015 2742 1139 2786 sunt
1180 2753 1317 2787 nova
1354 2734 1579 2787 vulnera
1614 2742 1794 2801 sanat,

313 2826 601 2900 Extinguit
638 2826 820 2880 febres
855 2825 974 2900 ipso
1009 2834 1190 2899 potata
1225 2835 1510 2880 momento.

894 2970 1057 3033 GAP.
1101 2970 1400 3033 LXVIII.

721 3113 841 3168 DE
899 3110 1506 3170 PIMPINELLA.

328 3249 652 3321 Pimpinella
687 3256 863 3322 potest
899 3267 1085 3303 sanare
1121 3256 1278 3320 caput
1313 3246 1610 3311 tineosum,
