2153 3661
184 160 219 179 u

180 162 270 219 04

182 329 256 387 V.
304 326 365 386 5.
414 326 672 386 Obsceni
731 324 949 399 Priapi.
1023 319 1181 393 Quid
1239 317 1346 374 sihi
1401 316 1540 374 velit
1597 313 1756 395 quod
1814 311 2048 372 obsceni

399 432 565 504 (licit,
621 429 920 507 sequentia
967 422 1356 482 declarabunt.
1456 422 1574 477 Hic
1632 423 1883 498 Priapus
1941 419 2053 473 suit

395 540 464 596 (le
513 539 871 613 LampsacO,
917 535 1144 590 civitate
1191 527 1596 605 Hellesponti,
1647 525 1723 582 (le
1772 547 1886 605 qua
1929 523 2054 601 pul-

403 665 502 700 sus
547 650 792 719 propter
834 638 1014 695 virilis
1044 635 1284 694 membri
1316 629 1784 712 magnitudinem,
1830 641 1966 709 post
1998 631 2057 685 in

395 767 697 804 numerum
754 743 1022 802 Deorum
1078 749 1350 818 receptus
1408 740 1619 797 meruit
1674 757 1802 796 esse
1846 757 2058 794 numen

397 850 717 909 hortorum.
805 850 899 905 De
945 847 1059 905 hoc
1106 847 1416 903 Horatius:
1454 838 1513 921 Α)

581 986 641 995 --
697 952 890 1029 „Nam
932 953 1094 1009 fures
1141 950 1343 1008 (lextra
1391 956 1626 1007 coercet

490 1058 888 1137 obscenoque
934 1055 1113 1113 ruber
1156 1064 1464 1132 porrectus
1502 1052 1575 1110 ab
1604 1053 1838 1130 inguine
1874 1047 2062 1127 palus,

486 1161 604 1221 Ast
649 1165 1007 1240 importunas
1052 1158 1320 1217 volucres
1365 1161 1425 1216 in
1469 1160 1687 1216 vertice
1734 1154 1956 1213 arundo

491 1269 709 1326 Terret
752 1264 929 1324 fixa.⁶‘

403 1374 636 1431 Dicitur
681 1380 872 1428 autem
916 1391 1152 1447 praesse
1196 1368 1401 1424 hortis·
1488 1365 1800 1444 Virgilius:
1852 1361 1895 1441 ⁵)

491 1476 995 1554 „Hellespontiaci
1040 1482 1235 1532 servet
1278 1470 1460 1530 tutela
1503 1468 1767 1549 Priapi.“

404 1581 548 1639 lnde
608 1582 861 1658 Priapus
910 1581 1190 1657 accipitur
1232 1598 1343 1656 pro
1398 1575 1550 1633 virili
1606 1574 1884 1633 membro.
1973 1573 2072 1632 Ex

409 1708 527 1766 quo
590 1687 759 1743 etiam
817 1687 1212 1766 Πριαπισμός,
1263 1678 1306 1760 ⁶)
1375 1674 1505 1739 cum
1548 1690 1745 1759 partes
1791 1678 2072 1760 genitales

414 1793 473 1848 in
532 1813 694 1849 suam
751 1789 1169 1869 longitudinem
1242 1786 1671 1865 protenduntur
1732 1797 1789 1844 et
1847 1788 1907 1842 in
1967 1786 2074 1843 cir‘-

412 1896 605 1954 culum
648 1899 1035 1953 intumescunt
1080 1896 1202 1951 sine
1248 1895 1511 1971 appetitu
1555 1892 1826 1951 Veneris,

200 2020 274 2080 V.
328 2019 430 2079 16.
480 2020 602 2078 Sed
646 2019 830 2076 labor.
875 2015 1139 2075 Aucliant
1185 2039 1394 2097 segnes
1443 2026 1501 2074 et
1540 2017 1741 2088 otiosi,
1789 2018 1889 2096 qui
1917 2016 2076 2075 velut

413 2127 719 2182 animantia
763 2145 967 2181 somno
1015 2122 1206 2180 dedita
1252 2132 1310 2179 et
1357 2122 1577 2195 ventri,
1623 2121 1867 2198 optimas
1900 2120 2075 2178 horas

413 2233 660 2310 pessime
713 2229 1020 2288 collocant.

203 2357 279 2412 V.
328 2354 436 2414 25.
496 2357 622 2414 Ver
681 2354 859 2413 orbis.
961 2354 1226 2414 vernum
1291 2363 1525 2432 {empus
1588 2362 1676 2410 est
1734 2355 2107 2432 principium'

420 2460 594 2518 orbis.
682 2460 831 2520 Vult
887 2462 1066 2539 igitur
1109 2459 1384 2516 mundum
1428 2461 1645 2516 Martio
1703 2481 1899 2516 mense
1947 2481 2081 2516 con-

421 2566 601 2623 ditum
658 2567 870 2638 fuisse,
926 2574 1241 2641 propterea
1300 2563 1460 2643 quod
1523 2585 1591 2620 eo
1650 2585 1845 2620 mense
1893 2566 2081 2620 omnia

421 2679 822 2744 succrescant,
892 2667 986 2726 vel
1044 2667 1118 2725 ob
1177 2689 1301 2726 cam
1360 2689 1619 2742 causam,
1674 2667 1834 2747 quod
1885 2669 2080 2726 Exodi

424 2775 568 2852 Cap.
628 2775 756 2832 XII
805 2768 849 2850 ⁷)
929 2774 1141 2831 mensis
1212 2772 1306 2830 hic
1373 2772 1581 2830 dicitur
1647 2774 1778 2829 anni
1842 2775 2079 2850 primus.

423 2879 576 2937 Sunt
622 2881 722 2958 qui
768 2887 826 2936 et
862 2876 1269 2956 Septembrem
1304 2886 1563 2936 asserant
1609 2877 1805 2934 mund-i
1839 2879 2079 2950 initium,

326 3133 372 3171 4.
403 3133 551 3185 Satyr.
583 3133 622 3175 I.
653 3132 791 3175 VIII.
824 3134 871 3173 4.
904 3154 955 3160 -
988 3132 1033 3173 ὃ.
1065 3132 1273 3186 Georgic.
1305 3132 1386 3174 IV.
1423 3131 1537 3173 111.
1587 3155 1629 3161 -
1675 3128 1721 3169 G.
1753 3129 1807 3170 V.
1838 3128 2081 3170 Alexandri

215 3202 432 3240 Tralliani
481 3203 642 3244 Medic.
695 3205 746 3245 L.
778 3202 865 3243 lx.
900 3203 956 3242 X.
989 3203 1110 3246 Cael.
1153 3202 1381 3244 Aurelian.
1423 3200 1561 3242 morl).
1607 3203 1720 3241 aeut.
1764 3199 1846 3242 IV.
1901 3198 1980 3243 18.
2022 3219 2083 3230 --

216 3270 261 3314 ¹7.
293 3271 491 3319 „Mensis
523 3273 603 3311 iste
632 3272 753 3313 vobis
785 3274 1051 3326 principium
1070 3272 1304 3320 mensium,
1335 3271 1502 3323 primus
1525 3269 1608 3309 erit
1628 3269 1673 3308 in
1694 3268 1910 3310 mensibus
1930 3267 2081 3310 anni.“.
