2153 3661
126 299 249 353 280
286 300 359 354 Et
395 299 540 354 vires
579 308 633 353 et
670 298 879 353 odorati
918 301 1180 355 fermenta
1217 304 1426 376 saporis

283 384 561 452 Praestat3
600 403 713 437 eam
749 386 896 438 iuxta
934 387 1205 440 hortensis
1243 408 1352 441 non
1392 387 1589 441 extima
1628 387 1785 443 Costi

286 467 441 521 Silva
477 469 636 536 latet,
675 471 1042 542 stomachique
1078 492 1256 525 moras
1294 484 1643 546 ventremque
1681 471 1886 528 salubri

282 551 553 607 Provocat
590 554 827 622 auxilio,
864 556 1064 609 radicis
1104 577 1325 611 munere
1364 567 1560 611 coctae.

753 679 908 732 XVI.
981 679 1042 734 M
1055 679 1103 731 Ε
1118 678 1169 732 Ν
1185 680 1231 732 T
1245 679 1305 732 H
1318 678 1389 736 A.

283 783 401 835 Nec
436 782 572 834 mihi
612 782 848 834 defuerit
886 782 1127 850 vulgaris
1167 784 1318 854 copia
1358 782 1613 834 Menthae

124 867 246 919 285
284 868 459 919 Multa
496 886 594 938 per
633 875 685 918 et
723 883 918 934 genera
963 873 1015 915 et
1053 864 1259 935 species
1298 864 1512 918 diversa
1555 864 1876 937 coloresque

283 953 356 1004 Et
393 951 564 1005 vires:
605 949 765 1002 huius
806 948 1075 1022 quoddam
1113 969 1284 1020 genus
1323 949 1457 1000 utile
1495 968 1682 1002 vocem

288 1036 652 1088 Raucisonam
694 1036 840 1087 claro
876 1054 1064 1086 rursus
1108 1033 1402 1086 redhibere
1439 1033 1624 1086 canori

286 1122 457 1173 Posse
492 1129 710 1192 putant,
749 1120 862 1171 eius
903 1138 1089 1170 succos
1129 1117 1175 1169 si
1216 1119 1372 1169 fauce
1408 1118 1613 1171 vorarit

286 1205 516 1271 Jeiuna,
557 1225 714 1276 quem
753 1204 943 1256 crebra
981 1221 1231 1274 premens
1269 1202 1501 1254 raucedo
1541 1201 1751 1273 fatigat.

127 1288 250 1341 290
286 1289 386 1340 Est
424 1288 573 1340 aliud
611 1286 942 1360 praepingue
982 1305 1152 1355 genus
1190 1285 1415 1337 huiusce
1455 1287 1711 1351 frutecti,

269 1374 434 1444 Quod
472 1373 579 1424 iam
615 1391 723 1423 non
761 1370 915 1442 parvi
955 1368 1213 1420 diffundit
1249 1368 1512 1438 germinis
1550 1369 1808 1438 umbras,

271 1459 430 1512 Celsa
467 1456 636 1510 Ehuli
674 1455 768 1508 sed
806 1474 958 1507 more
992 1463 1181 1526 petens
1220 1473 1249 1505 a
1288 1453 1472 1525 stipite
1511 1454 1646 1507 forti

268 1550 524 1620 Undique
560 1548 791 1598 maiores
832 1546 1094 1597 foliorum
1131 1552 1393 1616 prorogat
1431 1545 1570 1611 alas,

269 1640 409 1711 Quis
449 1640 584 1692 odor
622 1638 757 1690 alter
792 1637 932 1689 inest
969 1635 1244 1707 pauloque
1280 1633 1526 1687 inmitior
1574 1635 1814 1689 haustus.

127 1734 249 1785 295
292 1732 405 1787 Sed
444 1732 487 1785 si
531 1731 650 1804 quis
690 1730 874 1796 vires,
913 1728 1122 1801 species
1162 1736 1214 1780 et
1251 1727 1470 1780 nomina
1507 1727 1762 1780 Menthae

285 1825 379 1878 Ad
416 1825 637 1897 plenum
675 1841 958 1874 numerare
995 1829 1204 1893 potest,
1241 1819 1375 1872 sclat
1413 1820 1545 1886 ille,
1583 1839 1803 1874 necesse
1840 1829 1919 1874 est
1932 1859 1950 1888 9

285 1916 403 1970 Aut
442 1925 572 1988 quot
609 1916 912 1986 Erythraeo
950 1912 1181 1967 volitent
1217 1911 1276 1964 in
1316 1911 1534 1983 gurg-ite
1572 1911 1780 1984 pisces,

287 2008 546 2061 Lemnius
584 2016 675 2060 aut
713 2008 880 2060 altum
919 2014 1051 2076 quot
1088 2004 1147 2056 in
1187 2010 1309 2056 aiira
1346 2003 1619 2055 Mulciber
1656 2003 1741 2057 ire

292 2096 574 2151 Scintillas
610 2097 776 2153 vastis
814 2096 996 2150 videat
1034 2095 1347 2147 fornacibus
1387 2096 1613 2148 Aetnae.

696 2221 884 2276 XVII.
958 2220 1007 2272 P
1026 2219 1470 2275 ULEGIUM.

130 2338 252 2391 500
288 2337 415 2389 Non
453 2335 655 2409 patitur
694 2343 910 2387 cunctas
949 2331 1195 2403 angustia
1235 2332 1487 2385 carminis
1525 2333 1688 2387 huius

290 2429 451 2482 Pulei
489 2429 714 2484 virtutes
753 2425 920 2487 celeri
959 2424 1346 2497 comprendere
1384 2445 1560 2480 versu.

244 2647 362 2690 281.
393 2650 599 2691 Praestat
628 2654 733 2692 tam.
764 2646 876 2691 Nor.
909 2647 1070 2690 Costus
1099 2646 1318 2689 hortensis
1350 2653 1415 2690 est
1455 2647 1795 2690 Balsamita
1836 2648 2023 2702 vulga-

129 2719 229 2762 ris.
258 2720 315 2761 V.
350 2719 541 2761 Conrad.
576 2719 758 2761 Gesner.
790 2719 921 2760 Hort.
956 2719 1163 2762 German.
1203 2743 1258 2749 —
1290 2717 1408 2762 284.
1439 2719 1586 2759 Mente
1615 2718 1725 2760 Nor.
1757 2717 2026 2759 Menthac

129 2790 182 2831 L.
216 2790 384 2842 species
417 2804 467 2829 ea
497 2794 641 2830 aetate
675 2790 819 2831 cultae
851 2793 976 2830 erant
1007 2790 1068 2832 M.
1100 2790 1324 2844 piperita,
1356 2789 1527 2842 crispa,
1559 2788 1788 2838 silvestris,
1821 2789 2025 2842 aquatica

131 2882 189 2889 —
219 2861 371 2901 Sex-cn.
404 2861 580 2903 Samon.
615 2862 668 2900 de
699 2862 860 2902 Medic.
890 2875 932 2904 V.
966 2860 1049 2902 21.
1092 2884 1152 2891 -
1196 2860 1313 2903 285.
1343 2860 1497 2901 Divisa
1527 2860 1647 2900 Mon.
1689 2881 1748 2888 --
1789 2857 1909 2901 286.
1941 2859 2025 2899 Lo-

133 2932 283 2986 quitur
327 2933 460 2984 poeta
505 2930 558 2968 dc
597 2929 780 2970 Mentha
825 2931 1045 2983 silvestri,
1099 2934 1152 2974 de
1197 2948 1282 2987 qua
1313 2931 1602 2985 Hildegardjs
1632 2930 1813 2986 Physie.
1842 2931 1908 2971 II.
1940 2930 2025 2971 41.

133 3002 313 3053 „Homo
344 3001 420 3056 qui
453 3001 652 3056 dumpfet
683 3006 726 3041 et
755 3003 938 3056 pinguia
968 3003 1137 3044 viscera
1157 3002 1315 3052 habet,
1347 3001 1654 3043 Bachminzam
1676 3016 1807 3056 saepe
1829 3002 2026 3043 comedat

134 3078 176 3115 et
208 3074 389 3126 dumpfo
423 3071 657 3114 cessabitf‘
705 3092 759 3098 —
803 3071 921 3115 291.
952 3073 1184 3114 Diffundat
1215 3072 1374 3116 Choul.
1433 3096 1493 3104 —
1552 3072 1669 3116 292.
1703 3072 2025 3114 sambucus

133 3143 356 3184 Ebulus
387 3143 439 3186 L.
472 3164 529 3170 —
561 3140 677 3183 295.
708 3142 935 3198 Porrigat,
968 3144 1115 3186 Canis.
1166 3165 1225 3173 —-
1274 3141 1391 3184 295.
1435 3144 1487 3185 Si
1534 3144 1634 3198 qui,
1682 3140 1842 3186 Choul.
1891 3142 2023 3194 Virg.

137 3215 303 3267 Georg.
335 3213 403 3256 ΙΙ.
438 3212 553 3256 105.
598 3237 653 3244 -
697 3213 814 3256 297.
859 3215 981 3256 Mare
1021 3215 1215 3257 rubrum.
1254 3213 1373 3258 Ptin.
1404 3213 1552 3270 ILN.
1582 3212 1666 3261 VI.
1700 3212 1783 3259 25.
1815 3235 1870 3245 —-
1901 3210 2020 3258 298.

134 3284 345 3328 Mulciser
374 3285 483 3329 Nor.
514 3307 572 3316 —
602 3284 722 3331 501.
754 3285 996 3332 Mentha
1025 3285 1339 3342 Pulegium
1368 3283 1423 3330 L.
