2153 3661
303 273 552 329 Infirmis-
583 272 756 326 divisa
796 270 924 323 licet
961 268 1275 324 Macedonia
1315 266 1483 318 ramis

146 368 267 418 ‘Mo
307 365 600 437 Spargitur
640 374 691 416 et
730 363 904 433 crebis
943 360 1185 432 ignobile
1225 379 1404 411 semen
1443 356 1629 409 aristis·-

299 457 566 522 Sufficit,
593 457 689 508 illa
726 465 903 507 tamen
941 462 1054 504 toto
1093 452 1414 523 reparabilis
1451 470 1591 501 anno

299 549 624 620 Pauperiem
661 549 815 617 largo
855 545 1061 597 solatur
1098 563 1325 594 munere
1359 542 1534 614 plebis

300 641 593 710 Indignae,
630 659 731 691 nec
769 658 876 689 non
914 636 1245 706 restringere
1284 634 1560 705 sanguinis
1600 631 1769 683 undas

304 732 552 803 Corpore
591 732 812 782 diffusas
853 728 1026 780 facili*
1043 729 1180 779 solet
1220 727 1379 781 obvia
1420 735 1602 797 gustu..

141 816 262 866 2715
300 817 403 866 Illa
442 832 697 883 quoque-7
734 810 934 862 infesto
972 819 1160 862 venter
1200 810 1333 859 dum<
1366 811 1509 859 torte
1548 809 1745 859 dolore*

301 897 609 962 Turbatur,
650 897 887 947 fomenta
924 913 1098 966 super
1124 912 1242 944 non.
1271 890 1432 942 inrita
1472 888 1651 955 ducit,

302 982 560 1035 Puleium
596 980 814 1034 sibimet
850 979 1184 1050 frondesque
1220 973 1507 1049 papaveris
1546 972 1762 1024 addens.

802 1141 959 1194 XIII.
1032 1138 1080 1191 L
1093 1138 1179 1192 IL
1194 1138 1224 1190 I
1237 1136 1288 1189 U
1302 1136 1379 1188 M.

304 1267 451 1320 Lilia
492 1285 598 1339 quo
636 1285 796 1319 versu
836 1262 1151 1328 candentia,
1188 1260 1433 1313 carmine
1463 1278 1644 1331 quove-

307 1352 542 1417 Jciunae
580 1349 774 1400 macies
815 1347 944 1398 satis
985 1347 1173 1398 efferat
1211 1346 1359 1398 arida
1395 1345 1612 1399 Musae!

147 1445 270 1495 254}
309 1443 559 1513 Quorum
600 1440 799 1492 candor
837 1438 998 1490 habet
1035 1437 1182 1492 nivei
1221 1437 1548 1489 simulachra
1587 1435 1818 1500 nitoris,

306 1535 501 1587 Dulcis
540 1534 675 1584 odor
714 1531 878 1582 silvas
916 1530 1160 1579 imitatur
1196 1530 1331 1580 flore
1370 1527 1623 1580 Sabaeas.

310 1626 436 1678 Non
473 1624 656 1697 parius
696 1621 929 1675 candore
966 1620 1145 1692 lapis,
1182 1639 1292 1672 non
1331 1619 1531 1671 nardus
1572 1618 1748 1670 odore*

307 1717 453 1770 Lilia
490 1724 675 1768 nostra
712 1713 943 1786 premit3
982 1732 1082 1765 nec
1118 1731 1260 1779 non,
1298 1711 1345 1764 si
1383 1710 1626 1783 perfidus
1664 1708 1855 1780 anguis

308 1809 574 1880 Ingenitis
615 1807 840 1860 collecta
879 1805 1019 1858 dolis
1057 1805 1191 1857 serit
1228 1823 1323 1856 ore
1359 1823 1562 1857 venena
1584 1840 1609 1866 ,-

152 1901 274 1953 255
314 1901 592 1953 Pestifero
629 1919 846 1952 caecum
883 1917 982 1970 per
1019 1898 1217 1951 vulnus
1257 1896 1325 1948 ad
1364 1896 1553 1947 intima
1591 1904 1824 1947 mortem

310 1993 491 2046 Corde
531 1994 704 2045 feram
742 1991 996 2057 mittens,
1030 1989 1240 2062 pistillo
1279 1988 1428 2041 Lilia
1465 1996 1701 2061 praestat

312 2084 722 2138 Commacerare
760 2082 917 2154 gravi
937 2120 956 2149 7
993 2100 1299 2152 succosque·
1325 2079 1545 2131 haurire
1582 2079 1628 2131 F
1633 2079 1832 2129 alerno.

317 2175 383 2229 Si
422 2176 570 2247 quod
608 2183 893 2234 contusum
930 2183 1009 2225 est
1047 2190 1255 2223 summo
1293 2170 1515 2225 liventis
1553 2171 1612 2221 in
1652 2189 1751 2222 ore

318 2268 563 2320 Ponatur
599 2266 874 2339 punctim,
911 2274 1025 2332 tum
1064 2264 1172 2315 iam
1211 2263 1496 2315 dinoscere
1534 2263 1680 2335 vires

154 2360 278 2414 260
315 2358 634 2429 Magnificas
673 2357 896 2409 huiusce
935 2357 1100 2408 datur·
1131 2354 1504 2407 medicaminis
1543 2353 1705 2404 ultro.

320 2452 485 2504 Haec
518 2449 679 2503 etiam
716 2449 860 2503 luxis
895 2447 1118 2521 prodest
1156 2447 1405 2501 contusio
1444 2443 1726 2497 membris.

261 2718 380 2762 259.
412 2719 700 2761 Macedonica
730 2718 840 2761 Nor.
872 2717 1132 2760 scandix
1164 2717 1508 2759 cordolium
1538 2715 1590 2758 L.
1619 2734 1673 2741 —
1703 2711 1819 2753 245.
1842 2710 2059 2763 Indignae

162 2790 341 2832 omnes.
400 2789 661 2844 „Jndiguae
705 2788 938 2842 legendum
968 2802 1051 2842 pro
1093 2789 1327 2841 indignae,
1375 2798 1474 2824 nam
1517 2783 1630 2822 illud
1670 2781 1854 2821 alterum
1885 2780 2059 2821 homine

167 2859 701 2913 Christianoindignum“
729 2858 882 2899 Barth.
904 2878 959 2885 -—
993 2856 1112 2901 248.
1132 2857 1355 2896 Lilium
1386 2852 1701 2893 candidum
1731 2851 1784 2894 L.
1815 2852 1872 2894 V.
1885 2850 2060 2891 Plinius

162 2930 291 2973 llist.
319 2930 423 2973 Nat.
473 2930 607 2970 XXI.
659 2929 706 2971 5.
761 2956 807 2962 -
875 2928 994 2971 251.
1043 2929 1170 2982 virg.
1205 2926 1371 2978 Geel-g.
1401 2923 1469 2964 II.
1505 2921 1620 2964 117.
1671 2941 1714 2950 -’
1765 2921 1882 2964 252.
1932 2922 2059 2975 Virga

165 3002 331 3055 Georg.
366 3002 459 3044 111.
494 3001 576 3043 54.
622 3001 692 3041 De
721 3001 873 3041 Nau-do
905 3001 994 3043 vid.
1027 2999 1146 3041 Plin.
1179 2998 1239 3038 11.
1270 2996 1328 3038 N.
1373 2994 1485 3034 XII.
1533 2994 1612 3035 12.
1661 3015 1720 3022 --
1770 2991 1888 3035 256.
1931 2993 2058 3033 Fero.

164 3071 285 3114 Mon.
336 3096 381 3102 -
429 3069 545 3112 259.
576 3070 740 3111 Puneti
776 3070 888 3112 Nor.
924 3070 978 3113 V.
1011 3067 1282 3111 Bantholom.
1315 3065 1452 3121 Angl.
1482 3078 1637 3119 propr.
1668 3078 1754 3107 rcr.
1785 3061 1942 3104 XVII.
1977 3059 2058 3104 91,

162 3140 280 3186 261.
330 3141 461 3185 Laxis
508 3141 617 3186 Nor.
664 3139 824 3184 Choul.
