2153 3661
1882 147 1974 210 55

300 322 358 369 et
402 310 514 368 hoc
561 311 727 387 ideo,
788 310 946 392 quod
990 320 1128 369 tunc
1175 312 1364 369 omnia
1408 314 1701 373 nascentia
1745 316 1972 395 persec-

299 420 449 477 tiora
495 427 648 475 sunt.
735 417 889 476 Nam
931 418 993 476 in
1025 418 1493 478 Deuteronomio
1534 418 1682 500 Cap.
1713 420 1972 481 XXXII

296 521 578 604 legimus:

385 633 542 706 „Dei
590 650 769 708 opera
812 629 1077 707 perfecta
1124 625 1318 686 sunt.“
1389 664 1437 673 --
1530 628 1700 705 Quae
1747 643 1971 692 senten-

298 739 376 795 tia
422 737 616 794 multis
661 747 937 814 tanquam
982 735 1344 813 probabilior
1387 735 1623 796 arridet.
1713 737 1838 798 Sed
1880 740 1975 799 hic

301 841 442 899 nihil
488 843 632 898 certi
677 839 988 915 habemus,
1033 842 1144 896 nisi
1191 840 1353 920 quod
1396 850 1627 900 constat
1672 864 1747 900 ex
1776 843 1977 924 Scrip-

231 1009 235 1015 ,
295 958 458 1024 tura,
523 949 720 1006 Deum
780 945 1004 1005 caelum
1078 955 1137 1005 et
1205 956 1424 1004 terram
1479 947 1842 1025 condidisse,
1910 961 1977 1008 ut

293 1053 566 1112 Psalmus
626 1054 752 1110 XX
815 1050 1160 1128 „Auxilium
1217 1075 1410 1111 meum
1475 1073 1511 1111 a
1553 1055 1813 1114 Domino
1875 1058 1976 1138 qui

296 1162 438 1218 fecit
486 1159 708 1218 caelum
754 1170 812 1218 et
858 1157 1135 1218 ter1²am.‘⁶
1198 1194 1253 1201 -

80 1267 158 1327 V.
204 1264 314 1325 lss.
365 1268 605 1325 Saturni
653 1267 842 1324 dente.
912 1267 1205 1345 Ligonem
1248 1264 1551 1344 intelligit,
1594 1286 1728 1324 nam
1774 1265 1977 1326 Satur·

297 1395 407 1429 nus
455 1373 721 1449 peritiam
776 1370 931 1427 ruris
977 1379 1037 1426 et
1081 1379 1344 1427 satorum
1391 1367 1530 1426 olim
1574 1368 1798 1448 primus
1842 1373 1975 1433 edo.

300 1481 488 1537 cuisse
534 1479 744 1535 fertur.

82 1587 158 1646 V.
203 1584 313 1644 45.
363 1581 787 1662 Complexibus
853 1583 1192 1639 urticarum.
1302 1580 1533 1638 Versus
1594 1582 1978 1660 spondaicus5

298 1695 398 1775 qui
442 1691 619 1750 habet
662 1692 866 1748 miram
910 1690 971 1746 in
1015 1687 1123 1746 hac
1168 1689 1456 1745 sententia
1502 1690 1765 1768 gratiam.
1831 1690 1978 1747 Per-

295 1802 446 1857 sius:
479 1794 523 1876 8)
570 1797 715 1873 „Sic
742 1806 963 1855 costam
989 1793 1169 1874 longo
1195 1793 1578 1852 subduximus
1595 1791 1977 1874 Apennin0.“

80 1909 158 1967 V.
206 1905 316 1965 80.
366 1905 489 1963 Sed
545 1903 759 1962 tolerat
817 1901 985 1960 civile
1043 1900 1275 1958 malum.
1388 1900 1549 1974 Quid
1595 1909 1765 1979 parat
1811 1899 1977 1960 civile

299 2012 556 2071 bellum?
645 2007 1026 2067 Abundantia
1070 2030 1286 2066 rerum.
1376 2008 1468 2064 Ita
1523 2007 1597 2064 ad
1640 2006 1858 2065 bellum
1903 2009 1979 2066 ci-

293 2120 407 2178 vile
453 2120 773 2197 respiciens
824 2115 1075 2173 Strahus
1121 2113 1388 2195 loquitur
1433 2113 1504 2172 de
1555 2112 1772 2173 Salvia⁴
1827 2114 1978 2172 Nam

295 2229 447 2284 sicut
506 2225 619 2283 hoc
678 2223 892 2281 malum
963 2245 1039 2280 ex
1094 2220 1447 2278 abundantia
1517 2229 1717 2277 natum
1784 2220 1979 2297 perdit

297 2335 624 2406 civitatem⁷
668 2332 728 2387 ni
773 2330 1029 2405 caveris3
1076 2330 1155 2384 ita
1200 2347 1372 2383 saeva
1409 2328 1726 2404 progenies
1763 2326 1978 2383 florum

298 2442 541 2519 perurit.
651 2439 747 2495 De
807 2438 970 2494 cuius
1016 2433 1131 2491 loci
1176 2432 1463 2513 elegantia
1519 2434 1659 2489 satis
1715 2434 1977 2512 cogitare

296 2568 565 2627 nequeo,
636 2565 946 2623 preca-mur
1023 2542 1202 2621 igitur
1271 2537 1528 2614 Strabo,
1592 2548 1659 2595 ut
1724 2537 1978 2596 molliter

295 2675 431 2712 ossa
479 2650 710 2710 cubent.
756 2651 907 2708 Nam
951 2647 1095 2705 illud
1138 2646 1233 2704 vel
1269 2648 1442 2704 unico
1482 2646 1596 2704 hoc
1634 2646 1851 2723 ingenii
1887 2646 1978 2702 sui

295 2762 609 2838 specimine
678 2759 890 2815 meruit
962 2758 1052 2812 vir
1118 2751 1547 2810 immortalitate
1608 2749 1854 2829 dignus9
1919 2760 1979 2809 et

300 2889 477 2948 quem
522 2887 722 2922 omnes
769 2864 1003 2942 legant⁷
1045 2859 1436 2941 dignissimus.
1482 2887 1569 2897 --

80 2975 158 3035 V.
205 2972 315 3033 89.
362 2950 687 3049 Adprime‚
732 2969 919 3028 valde.
965 2968 1317 3025 Terentiusz
1365 2959 1410 3044 ⁹)
1459 2961 1571 3039 „Id
1615 2959 1873 3022 arbitror
1916 2960 1976 3019 in

298 3081 418 3137 vita
462 3074 721 3155 adprime
765 3073 906 3132 utile
952 3069 1140 3131 6556.α

200 3278 248 3323 8.
279 3282 428 3335 Satyr.
457 3280 500 3328 I.
530 3277 615 3325 93.
644 3300 701 3310 -
731 3277 778 3324 9.
808 3278 864 3322 In
896 3275 1068 3322 Andria
1098 3273 1139 3321 1.
1171 3274 1212 3320 1.
1244 3273 1327 3319 54
1659 3327 1699 3379 5
1724 3324 1746 3349 ξ
