2153 3661
1968 92 2003 112 μιν

1974 111 1998 148 A

269 255 592 310 Charactere
630 255 846 327 gothico
888 274 1167 328 expressa,
1205 255 1365 308 titulo
1406 255 1576 327 figura
1615 257 1759 309 horti
1801 268 2005 313 ornato.

269 350 562 403 Aeeuravit
617 350 753 402 hanc
805 349 946 401 idem
986 351 1041 402 J.
1098 349 1393 403 Vadianus.
1486 351 1586 403 Est
1634 350 1690 402 in
1740 351 2006 405 Biblioth.

267 441 562 495 Universit.
601 440 1096 510 ‘Vireehurgensis
1137 441 1196 495 S.
1236 441 1299 494 L.
1339 443 1436 494 Rr.
1477 462 1526 514 q.
1563 441 1661 494 48.

122 533 457 588 Basileae
512 534 687 586 1527.
763 535 814 586 8.

124 627 694 699 Frihurgi1550.
769 629 823 680 8.

266 722 543 791 Utranque
583 721 790 774 curavit
826 719 1067 772 Joanues
1087 720 1417 774 Atroeianus
1455 742 1494 774 s.
1526 720 1818 788 Aeronius,
1857 731 2009 774 natus

264 813 323 864 in
362 812 562 884 oppido
601 813 815 864 Akrum
868 812 926 862 i'n
964 811 1146 863 Frisia
1200 813 1553 877 occidentali,
1607 815 2010 866 Mathematiees

266 906 320 956 in
359 904 624 957 academia
663 905 965 957 Basileeusi
1004 905 1322 977 professor,
1361 913 1516 957 mort.
1559 905 1736 957 1564.
1783 937 1835 944 -
1879 907 2011 960 Vid.

266 999 333 1052 G.
388 1000 831 1072 Veesenmeyer's
901 999 1400 1072 bibliographisehe
1467 997 1804 1066 Analekten‚
1866 1000 2012 1065 Uim,

270 1093 445 1145 1826.
497 1091 542 1164 ἓ.
586 1094 661 1144 12
710 1102 762 1145 et
798 1094 1068 1164 Herzog⁷s
1108 1091 1360 1146 Athenae
1397 1093 1679 1160 Rauricae,
1716 1113 1836 1167 pag.
1875 1092 2012 1146 554.

123 1205 461 1258 'Venetiis
518 1205 693 1257 1547.
767 1207 888 1258 Fol.

265 1300 331 1352 In
371 1299 689 1352 collectione
726 1299 1065 1351 medicorum
1099 1308 1342 1353 veterum
1380 1300 1753 1352 Romanorum
1790 1299 2012 1352 Aldina.

123 1406 390 1459 Franco
411 1406 593 1458 furti
631 1426 673 1457 a.
712 1405 788 1457 M.
829 1406 882 1457 8.
922 1404 1035 1457 sine
1074 1425 1232 1472 anno,
1270 1405 1412 1478 apud
1451 1405 1581 1459 Chr.
1618 1405 2013 1478 Egenolphum.

266 1501 547 1551 Adhaeret
583 1499 817 1551 Eobano-
848 1500 1029 1550 Hesso
1070 1498 1137 1548 de
1175 1499 1372 1550 tuenda
1427 1498 1569 1550 bona
1615 1499 1923 1552 valetudine
1963 1509 2014 1551 et

264 1593 332 1644 B.
371 1593 416 1644 F
423 1591 564 1644 ierae
601 1590 827 1644 Caenae.
900 1591 1032 1643 Icon
1072 1589 1219 1642 horti
1259 1589 1317 1640 in
1354 1589 1528 1642 titulo.

122 1699 482 1751 Franeof'u
502 1698 595 1750 rti
674 1697 836 1750 1564
863 1736 881 1764 ,
942 1698 1117 1749 1571.
1209 1696 1261 1749 8.
1351 1696 1494 1770 apud
1563 1696 1821 1750 haeredes
1884 1696 2011 1750 Chr.

265 1790 611 1864 Egenolphi,
649 1810 754 1844 una
794 1811 914 1844 cum
951 1790 1180 1843 thano
1219 1788 1398 1843 Hesso
1438 1797 1492 1844 et
1528 1789 1595 1843 B.
1633 1789 1809 1842 Fiera.
1846 1790 2013 1842 Deest

265 1885 403 1938 icon.
445 1911 516 1920 —-

121 1992 565 2065 Ingol'stadii
620 1992 796 2045 1604.
870 1991 924 2043 4.
961 2018 1030 2027 --
1068 1990 1140 2044 V.
1196 1989 1440 2062 Catalog.
1495 1988 1686 2042 libror.
1742 1987 2009 2041 Biblioth.

266 2086 553 2138 Bodleian.
626 2087 805 2140 Oxou.
847 2084 1023 2137 1674.
1065 2086 1104 2137 f.
1148 2085 1281 2138 182.

126 2190 419 2265 Lipsiae
461 2193 637 2245 1655.
702 2193 755 2245 8.

265 2287 417 2354 „Ars
455 2298 697 2340 veterum
736 2286 1123 2338 nonnullorum
1175 2295 1240 2337 ut*
1286 2294 1339 2337 et
1387 2283 1608 2337 mediae*
1633 2282 2011 2354 vergentisque

268 2379 459 2432 aetatis
517 2379 843 2452 scriptorum
903 2380 1019 2432 fere
1075 2378 1419 2430 metricorum
1474 2386 1527 2429 et
1575 2376 1906 2429 medicorum
1944 2375 2012 2428 de

265 2473 351 2526 Re
389 2472 638 2525 herbaria
676 2471 960 2539 videlicet,
999 2481 1216 2523 auctore
1253 2470 1511 2523 Rivino.“
1552 2496 1619 2503 --

336 2565 506 2618 Liber
568 2564 909 2632 rarissimus,
978 2564 1239 2617 exhibens
1305 2561 1572 2615 Moderati
1645 2559 2008 2626 columellae,

266 2657 483 2711 Nicolai
521 2658 926 2711 Bal-tholomaei
967 2667 1019 2711 et
1057 2655 1370 2712 walafridi
1407 2654 1578 2708 nostri
1617 2653 1863 2706 earmina.
1903 2679 1970 2688 -—-

125 2763 459 2835 Lugduni
501 2764 679 2815 1677.
717 2764 838 2816 Fol.
1441 2833 1451 2838 -

268 2859 333 2910 In
372 2857 720 2909 Bibliotheca
757 2857 983 2909 maxima
1020 2859 1243 2909 Pau-um
1293 2863 1564 2920 veterum,
1616 2853 1872 2925 Lugduni
1911 2863 2008 2907 ete.

270 2952 423 3003 Tom.
461 2951 585 3002 XV.
622 2971 742 3021 pag.
787 2952 918 3002 181.

129 3061 290 3114 Ams
310 3057 456 3110 telo
475 3056 646 3108 dami
691 3058 864 3109 1715.
938 3058 1057 3109 Fol.

268 3153 334 3204 Iu
403 3151 679 3203 Thesauro
749 3159 1213 3202 monumentorum
1283 3142 1769 3202 ecclesiastieorum
1834 3146 2005 3201 Henr.

271 3241 496 3298 Canisii.
536 3242 687 3294 Tom.
728 3242 798 3294 Π.
835 3262 955 3314 pag.
999 3242 1130 3294 176,
