2153 3661
151 172 239 229 2ss

311 333 436 386 Hoc
474 331 612 402 apud
651 328 907 382 Indorum
944 325 1074 377 tanti
1113 332 1355 376 constare
1393 324 1594 392 peritos

312 425 537 486 Fertur,
577 420 716 491 apud
755 417 942 469 Gallos
981 423 1234 485 quantum
1273 412 1411 462 valet
1449 412 1632 462 Indica
1668 411 1813 480 nigri

311 511 603 581 Congcries
641 507 862 579 piperis.
934 506 1078 575 Quis*
1111 505 1217 556 iam
1255 502 1499 554 dubitare
1537 501 1743 552 sinetur

154 604 272 655 505
310 603 431 654 Hac
469 601 632 652 herba
668 600 850 670 plures
889 597 1050 649 leniri
1090 615 1252 667 posse·
1285 594 1530 657 labores,

313 693 487 761 Quam
527 690 716 761 pretiis
755 689 1026 739 inhianter
1061 687 1189 738 emit
1229 684 1489 735 ditissima
1528 681 1692 733 tantis

312 781 458 834 Gens
498 780 774 850 ebenoque
810 797 1048 848 auroque
1084 777 1254 827 fluens
1295 783 1345 825 et
1383 774 1519 824 mira
1560 771 1767 826 volenti

314 872 573 942 Quaeque
613 872 791 921 serens
832 868 1047 920 mundo.
1119 867 1171 920 Ο
1212 864 1391 935 magni
1430 863 1690 916 laudanda
1727 861 1984 915 TonantiS

313 962 511 1015 Virtus
550 972 601 1013 et
637 961 811 1025 ratio,
847 959 1009 1011 nullis
1049 977 1184 1029 quae
1223 976 1443 1008 munera
1480 955 1640 1006 terris

154 1053 275 1106 510
312 1053 488 1122 Larga
527 1072 652 1102 suae
691 1071 797 1102 non
837 1050 1022 1120 pandit
1060 1048 1208 1118 opis:
1246 1066 1380 1117 quae
1418 1065 1537 1096 rara
1577 1045 1675 1097 sul)
1715 1044 1819 1096 isto

310 1143 434 1192 Axe
472 1141 653 1192 videre
690 1140 829 1190 soles
849 1176 867 1204 7
904 1138 1027 1188 aliis
1066 1136 1122 1186 in
1162 1135 1405 1206 partibus
1443 1135 1638 1186 horum

313 1230 485 1299 Copia
523 1237 664 1280 tanta
702 1228 871 1294 iacet,
911 1237 1159 1298 quantam
1195 1225 1453 1279 vilissima
1491 1244 1672 1277 rerum

310 1320 594 1385 Efficiunt‚
632 1339 818 1371 rursus
859 1318 1114 1390 quaedam
1155 1336 1290 1388 quae
1329 1325 1506 1388 spreta
1542 1316 1799 1369 videntur

312 1412 477 1463 Forte
514 1410 646 1476 tihi,
684 1430 878 1480 magno
916 1417 1221 1459 mercantur
1260 1407 1389 1457 ditia
1427 1425 1628 1474 regna,

156 1502 276 1554 515
313 1501 505 1553 Altera
544 1509 602 1551 ut
640 1500 855 1551 alterius
893 1498 1130 1570 potiatur
1169 1497 1389 1549 faenore
1426 1497 1627 1562 tellus,

314 1591 483 1645 Orbis
523 1600 574 1641 et
611 1591 665 1641 in
703 1598 818 1641 toto
854 1608 951 1659 per
987 1597 1166 1659 partes
1204 1607 1308 1638 una
1349 1588 1536 1639 domus
1575 1585 1660 1637 sit.

318 1680 570 1733 Puleium
611 1699 825 1750 quoque
862 1679 1139 1730 decoctum
1179 1677 1388 1729 curabit
1426 1676 1594 1729 amice

316 1773 390 1825 Et
426 1781 553 1843 potu
594 1781 645 1822 et
683 1773 800 1822 {otu
840 1771 1196 1835 stomachum,
1233 1769 1366 1820 mihi
1405 1770 1593 1835 crede,
1630 1775 1939 1820 morantem.

316 1862 462 1915 Dum
501 1861 739 1912 canimus
779 1880 911 1930 quae
951 1869 1092 1912 certa
1131 1860 1283 1929 gravi
1320 1857 1528 1910 ratione
1564 1867 1836 1926 tenemus,

160 1953 283 2005 520
321 1953 597 2022 Quaedam
634 1952 813 2003 audita
852 1952 1009 2003 etiam
1046 1970 1175 2004 vero
1213 1950 1439 2002 miscere
1477 1952 1742 2002 cothurno

318 2046 422 2096 Fas
459 2062 695 2114 ususque
734 2042 892 2094 sinite
927 2061 1134 2093 ramum
1175 2041 1485 2111 coniungito
1522 2040 1683 2092 Pulei

319 2134 645 2200 Auriculae‚
683 2153 750 2185 ne
790 2135 931 2185 forte
969 2142 1124 2204 caput
1161 2131 1461 2186 turbaverit
1498 2140 1676 2184 aestus

303 2225 484 2290 Solis,
522 2224 580 2274 in
619 2222 765 2275 aerio
803 2224 849 2276 si
888 2233 941 2275 te
976 2223 1219 2294 perflarit
1257 2233 1459 2294 aperto.

325 2309 486 2379 Quod
525 2310 632 2363 nisi
670 2331 755 2364 mc
792 2329 1012 2363 currens
1051 2310 1318 2382 deponere
1354 2309 1474 2363 vela
1512 2307 1706 2361 Thalia

163 2401 285 2453 525
325 2401 562 2470 Cogeret
598 2423 658 2455 ac
695 2403 907 2455 tandem
946 2411 1134 2474 portus
1171 2401 1374 2453 intrare
1411 2409 1686 2465 moneret,

326 2483 477 2536 Hinc
513 2484 616 2536 tibi
654 2484 981 2554 multiplices
1020 2492 1261 2554 poteram
1299 2483 1592 2554 decerpere
1628 2483 1803 2535 flores.

796 2572 1010 2625 XVIII.
1082 2573 1139 2622 A
1159 2572 1205 2621 P
1225 2572 1254 2622 I
1272 2572 1324 2623 U
1343 2571 1417 2622 M.

326 2663 589 2733 Quamvis
626 2663 683 2716 in
721 2664 916 2716 nostris
953 2660 1161 2734 Apium
1198 2661 1483 2716 vilesceret
1520 2661 1724 2728 hortis,

279 2797 397 2841 505.
428 2799 591 2841 Inclita
619 2800 737 2854 nigri
766 2798 886 2841 Mon.
918 2797 989 2842 Cf.
1020 2798 1194 2851 Regim.
1225 2799 1396 2841 Salern.
1442 2799 1552 2853 Cap.
1584 2796 1778 2840 LXXV.
1819 2796 1905 2842 Ed.
1938 2797 2042 2842 Cur.

168 2890 224 2898 —
257 2867 374 2911 507.
405 2871 532 2923 virg.
565 2870 728 2924 Georg.
761 2870 828 2914 II.
864 2870 978 2912 117.
1009 2892 1067 2900 —
1098 2868 1214 2909 512.
1247 2870 1457 2909 vilissima
1487 2875 1628 2911 tecum
1659 2869 1816 2912 Choul.
1844 2887 1903 2896 -
1923 2868 2042 2911 517.

168 2938 321 2980 Scrcn.
368 2939 542 2979 Samon.
584 2939 636 2977 ele
666 2939 827 2983 Medic.
867 2955 909 2983 v.
941 2939 1056 2980 507.
1096 2939 1219 2981 Edit.
1250 2939 1455 2982 Humelb.
1503 2939 1737 2989 „Puleium
1769 2952 1941 2993 quoque
1972 2937 2041 2978 de-

168 3011 340 3048 coctum
373 3008 543 3048 curabit
573 3010 709 3049 amice
740 3012 801 3052 Et
829 3017 938 3068 potu
969 3016 1011 3053 ct
1040 3013 1136 3052 fotu
1168 3010 1449 3051 Stomachum
1480 3012 1688 3051 conducit
1716 3007 1967 3049 anethum.“
1988 3031 2041 3037 —

170 3076 288 3119 520,
313 3078 374 3117 Et
396 3078 496 3120 iam.
517 3078 623 3119 Nor.
646 3100 702 3107 —
726 3080 842 3124 522.
858 3083 1071 3125 Auricole
1092 3083 1201 3124 Nor.
1219 3102 1272 3110 -
1289 3080 1405 3124 524.
1420 3082 1546 3134 Vix-g.
1563 3082 1729 3132 Georg.
1749 3078 1833 3120 lv,
1855 3077 1968 3120 116.
1988 3102 2040 3108 —-

172 3144 290 3185 527.
321 3147 536 3199 Apium
564 3148 1009 3194 petroselinum
1039 3153 1092 3196 L.
1122 3153 1179 3194 V.
1209 3152 1358 3194 Macer
1395 3167 1436 3195 v.
1468 3150 1584 3192 552·
1615 3149 1698 3190 Ed·
1731 3147 1886 3189 ChOUJ·
1931 3149 2045 3198 „Est

171 3215 341 3268 Apium
372 3217 537 3257 dictum
565 3219 681 3272 quod
710 3235 821 3277 apex
849 3221 961 3265 hanc
991 3225 1105 3268 ferre
1135 3222 1302 3268 solebat
1333 3220 1550 3274 Victoris,
1579 3222 1770 3262 veterum
1799 3218 1925 3263 fieret
1941 3221 2042 3261 dum

175 3299 293 3328 more
324 3286 618 3341 triumphus.“
650 3311 705 3322 --
