2153 3661
1888 111 1973 173 15

238 294 513 344 Detrectat
552 290 764 342 fuscare
800 305 987 339 manus
1027 293 1079 338 et
1118 292 1352 337 stercora
1388 280 1563 354 plenis

238 387 388 437 Vitat
428 384 483 436 in
523 382 692 435 arenti
734 381 1022 452 disponere
1060 377 1285 449 pulvere
1323 375 1512 447 qualis.

137 479 225 528 15.
265 479 418 528 Haec
455 496 565 528 non
603 475 716 527 sola
753 473 887 524 mihi
928 469 1186 543 patefecit
1225 469 1409 541 opinio
1450 468 1621 518 famae

240 570 539 641 Vulgaris7
580 566 816 639 quaesita
854 564 1014 616 libris
1052 583 1152 615 nec
1190 562 1353 614 lectio
1392 561 1620 633 priscis:

236 663 351 717 Sed
387 663 540 715 labor
579 671 631 714 et
668 661 931 724 studium,
971 657 1167 729 quihus
1208 656 1315 708 otia
1351 656 1514 726 longa
1554 654 1764 706 dicrum

235 755 557 827 postposui,
596 762 873 823 expertum
910 750 1072 800 rebus
1113 750 1345 799 docuere
1383 747 1644 818 probatis.

235 848 440 898 Bruma
478 843 766 897 senectutis
806 840 1122 906 vernacula,
1160 838 1327 891 totius
1368 837 1495 889 anni

129 937 210 988 20
238 935 444 989 Venter
484 944 536 987 et
573 931 838 1006 ampliflui
877 930 1209 991 consumti-ix
1250 949 1401 983 saeva
1440 928 1661 993 laboris,

235 1029 400 1081 Veris
438 1027 531 1080 uhi
569 1028 801 1079 adventu
841 1034 1106 1076 terrarum
1143 1023 1298 1096 pulsa
1337 1021 1436 1074 suh
1477 1021 1611 1074 imas

235 1116 471 1169 Delituit
509 1115 770 1176 latebraS‚
810 1113 1146 1185 vestigiaque
1185 1112 1408 1164 horrida
1448 1132 1637 1165 avarae

235 1210 352 1260 Ver
390 1207 581 1260 hiemis
619 1206 808 1258 reduci
846 1227 1028 1259 rerum
1069 1207 1251 1258 delere
1287 1215 1502 1278 pararet

237 1299 562 1366 Stemmate,
603 1309 654 1352 ct
693 1299 916 1370 antiquo
955 1298 1265 1369 languentia
1303 1318 1430 1350 rura
1468 1297 1636 1349 nitori

129 1394 210 1445 25
237 1394 486 1446 Reddere
516 1421 584 1428 --
607 1392 725 1446 Ver
764 1392 913 1444 orbis
952 1391 1187 1464 primum
1226 1401 1384 1464 caput
1423 1402 1474 1444 et
1514 1392 1676 1444 decus
1716 1392 1844 1444 anni
1876 1419 1947 1427 —-

241 1487 445 1539 Purior
484 1507 611 1537 aura
651 1486 792 1536 diem
834 1505 953 1536 cum
990 1485 1097 1535 iam
1135 1505 1377 1536 reserare
1417 1505 1663 1536 screnum

236 1578 540 1651 Inciperet7
575 1578 970 1650 Zephyrosque
1019 1576 1216 1628 herbae
1254 1577 1523 1648 floresque
1562 1577 1776 1649 sequuti

238 1672 446 1724 Tcn‘uia
484 1670 830 1743 porrigerent
869 1669 1066 1721 radicis
1105 1669 1382 1735 acumina,
1428 1689 1591 1721 cocco

168 1776 170 1778 ’
237 1766 400 1817 Tecta
441 1764 534 1815 diu
575 1763 781 1834 gremio
821 1783 1086 1835 canasque
1126 1783 1285 1815 exosa
1322 1761 1577 1835 pruinas3

136 1857 220 1909 50
250 1857 389 1910 Cum
430 1856 598 1913 silvae
638 1856 809 1923 foliis,
847 1866 1056 1908 montes
1096 1875 1311 1928 quoquc
1351 1856 1593 1927 gramine
1629 1854 1855 1928 pingui,

246 1950 517 2020 Prata-quc
557 1949 865 2021 conspicuis
908 1959 1193 2002 vernarent
1230 1949 1367 2000 laeta
1390 1948 1654 2015 ¹virectis:

243 2042 556 2109 Atriolum,
597 2043 742 2114 quod
780 2063 880 2115 pro
921 2042 1136 2094 foribus
1175 2042 1303 2094 mihi
1341 2062 1506 2114 parva
1544 2041 1746 2114 patenti

243 2135 393 2187 Area
430 2136 700 2189 vestibulo
731 2136 870 2188 ⁴solis
911 2135 1177 2189 convertit
1215 2136 1281 2188 ad
1320 2145 1528 2202 ortum,

249 2229 466 2283 Urticae
504 2230 802 2303 implerunt
839 2229 1122 2303 campique
1159 2249 1257 2303 per
1295 2249 1529 2302 aequora
1566 2228 1721 2302 parvi

220 2500 298 2545 15.
342 2503 564 2554 Stercore,
598 2503 756 2548 Choul‘
799 2524 858 2531 --
890 2502 972 2546 14.
1005 2501 1181 2557 Quallis
1210 2501 1319 2544 Nor.
1338 2501 1438 2545 Fre.
1464 2501 1630 2556 squalis
1652 2502 1775 2545 Mon,
1799 2501 1933 2556 Quali
1956 2518 1991 2547 s.

104 2574 234 2629 quala
266 2579 365 2614 sunt
396 2576 545 2617 corbes
575 2576 792 2619 viminei.'
816 2576 946 2630 Virg.
980 2575 1147 2630 Georg.
1180 2575 1246 2617 ΙΙ.
1293 2573 1393 2614 241
1416 2607 1428 2623 ‚
1475 2574 1646 2616 Colum.
1679 2574 1733 2615 R.
1766 2575 1822 2617 R.
1855 2575 1993 2622 VIII,

102 2645 152 2689 5.
184 2668 241 2674 -
272 2645 353 2689 20.
371 2647 532 2687 Bruma
558 2648 692 2690 iners.
721 2648 878 2690 Horat.
905 2649 1096 2689 Carmin.
1130 2648 1213 2690 IV.
1247 2646 1296 2692 7,
1328 2669 1386 2676 --
1418 2646 1500 2689 22,
1536 2647 1722 2688 Dilituit
1754 2646 1991 2688 Mon.Atr.

104 2717 252 2759 Canis.
285 2718 485 2759 Delicuit
517 2709 816 2768 scribendiiin,
862 2720 1060 2774 alioquin
1090 2720 1288 2759 immanis
1318 2719 1453 2759 fuerit
1482 2718 1806 2758 Barbarismus.
1837 2718 1993 2760 Barth.

107 2789 173 2829 25
207 2790 387 2830 Pararit
417 2789 575 2831 Barth.
605 2810 664 2817 —
697 2790 765 2832 24
795 2792 996 2833 Scemate
1025 2792 1147 2833 Mon.
1180 2789 1287 2829 Nor.
1330 2809 1388 2816 —-
1434 2787 1499 2828 25
1533 2788 1696 2843 virgil.
1730 2789 1893 2844 Georg.
1925 2790 1992 2832 II.

104 2860 223 2902 556.
276 2861 397 2909 „Ver
425 2861 537 2900 illud
567 2868 688 2912 erat,
736 2878 811 2904 ver
862 2879 1043 2918 magnus
1095 2861 1253 2918 agebat
1286 2861 1419 2901 Orbis
1461 2865 1502 2900 et
1534 2861 1726 2902 hibernis
1757 2862 1997 2918 parcebant

104 2933 279 2973 {latibus
310 2932 444 2981 Euri,
498 2931 608 2972 Cum
639 2936 806 2988 primae
835 2935 977 2976 lucem
1007 2935 1198 2992 pecudes
1229 2933 1412 2973 hausere
1450 2931 1677 2988 virumque
1707 2934 1869 2975 Ferrea
1898 2950 1996 2988 pro-

106 3006 254 3060 genies
287 3005 408 3043 duris
453 3010 584 3059 caput
636 3008 793 3047 extulit
845 3008 1006 3051 arvis.“
1068 3008 1240 3048 Colum.
1283 3004 1342 3047 Η.
1376 3003 1429 3048 C.
1478 2999 1596 3048 209.
1646 3005 1822 3045 Plinius
1873 3007 1993 3051 Hist-

105 3077 207 3118 Nat.
243 3075 372 3119 XVI.
408 3075 490 3120 25.
529 3098 572 3105 -
607 3076 674 3118 27
706 3079 996 3134 Zephyroque
1014 3079 1161 3121 Canis.
1185 3096 1238 3103 —
1261 3075 1327 3117 52
1359 3076 1549 3117 Foribus
1571 3077 1616 3115 in
1637 3071 1774 3131 pa'rva
1794 3077 1916 3120 Mons
1938 3100 1992 3107 —

108 3148 180 3190 54
210 3150 268 3192 V.
300 3150 454 3190 Macer
485 3151 537 3191 dc
567 3150 750 3191 Urtica:
783 3152 1004 3202 „Fervida
1033 3165 1119 3192 non
1149 3150 1320 3195 modice
1350 3151 1414 3191 vis
1443 3148 1514 3188 illi
1535 3148 1697 3188 dicitur
1716 3162 1836 3198 esse,
1867 3149 1994 3190 Unde

108 3234 189 3261 nee
218 3220 422 3262 inmerito
453 3237 609 3266 nomen
639 3224 842 3267 sumsisse
872 3222 1072 3275 videtur,
1125 3223 1270 3267 Tacta
1312 3221 1430 3276 quod
1475 3225 1626 3262 exurat
1656 3220 1819 3276 digitos
1851 3221 1993 3262 urtica

108 3293 345 3339 tenentis,“
377 3314 436 3325 -—
1003 3307 1007 3310 ·
