2153 3661
1888 130 1977 188 97

229 303 466 356 Contere
505 300 784 374 diptanum
835 297 1298 371 agrimoniamque
1337 297 1499 351 simul
1537 296 1976 373 abrotanumque,

226 394 298 447 Et
338 413 552 446 sumens
592 413 807 446 succum
846 392 1047 444 mundo
1087 392 1353 461 conlungc
1393 390 1593 444 butiro.

226 486 522 557 Unguento
563 485 657 538 tali
697 485 745 538 si
785 495 909 537 sunt
946 503 1083 537 nova
1122 484 1373 549 vulnera,
1414 504 1583 538 sanas.

231 578 422 631 Bestia
459 597 712 652 percussa
751 577 1029 649 diptanum
1066 574 1334 647 pascitur,
1374 584 1425 627 ct
1464 574 1513 628 si

225 671 446 723 Vulnus
484 679 700 723 sanatur
740 678 792 721 ct
830 669 1037 721 ferrum
1076 666 1300 739 pellitur
1339 676 1504 720 extra.

229 762 451 815 Dicitur
489 762 655 814 odore
694 761 947 812 colubros
985 768 1235 830 tactuque
1273 779 1493 824 nccare,

228 855 415 908 Huius
455 871 622 922 aquae
661 871 852 902 succus
891 851 1128 922 vinoque
1167 851 1311 903 hono
1350 851 1586 903 sociatus

226 947 558 1016 Petatusque
595 951 772 1017 potest
809 943 1025 995 amisum
1062 943 1295 1014 prodere
1333 962 1552 1007 vocem,

227 1039 461 1110 Hocque
499 1037 661 1090 modo
698 1035 887 1089 tussim
926 1043 1170 1108 sumptus
1210 1033 1398 1091 sedare
1435 1033 1727 1087 dolorem.·

778 1211 962 1273 cm.
1022 1188 1293 1270 Lxx-11.

635 1354 757 1408 ΒΕ
829 1354 1427 1409 TITIMALLO.

228 1491 411 1545 Nosco
451 1490 581 1542 duas
620 1489 827 1562 specics
866 1488 1163 1556 Titimalli‚
1202 1488 1296 1541 sed
1334 1497 1512 1541 tamen
1549 1486 1663 1540 illis

226 1583 468 1637 Nomina
507 1582 636 1633 bina
678 1582 875 1633 dabant
914 1580 1156 1652 antiqui,
1198 1581 1431 1652 dantque
1468 1577 1750 1646 moderni,

223 1676 346 1728 Una
385 1673 676 1726 domestica
715 1674 775 1725 fit
814 1681 867 1726 et
905 1673 1071 1725 altera
1110 1672 1304 1726 crescit
1346 1672 1404 1724 in
1443 1673 1627 1742 agris,

224 1765 530 1820 Dissimilis
571 1764 721 1817 foliis
758 1765 853 1817 sed
891 1764 975 1818 vis
1013 1784 1114 1837 par
1153 1773 1233 1818 est
1269 1765 1326 1817 in
1365 1763 1614 1834 utrisque

227 1857 467 1923 Acrior,
506 1856 603 1908 illa
642 1865 818 1909 tamen
858 1875 996 1928 quae
1034 1856 1174 1909 sicut
1212 1854 1433 1929 spurgia
1473 1853 1649 1924 surgit

227 1950 329 2002 Est
368 1958 595 2020 utraque
634 1949 1018 2003 satissolvens
1058 1958 1111 2001 ct
1150 1948 1360 2002 fervida
1398 1946 1594 2012 valde,

228 2041 488 2095 Insedare
527 2049 701 2094 cutem
740 2039 925 2092 dicunt
963 2047 1015 2091 ct
1052 2040 1247 2092 tollere
1290 2039 1465 2111 pilos,

230 2135 277 2186 F
284 2133 456 2185 urtice
496 2131 728 2184 contrita
766 2130 1004 2184 titimalli
1044 2130 1321 2204 conprime
1360 2149 1579 2183 succum

232 2225 307 2278 Et
346 2225 475 2279 vino
517 2224 747 2296 iungens
787 2223 1002 2276 ieiunus
1040 2223 1238 2276 sumito
1277 2243 1451 2295 saepe.

235 2317 466 2371 Viscera
504 2319 648 2370 laesa
687 2317 835 2371 iuvat
876 2326 928 2370 et
965 2316 1034 2369 ad
1071 2316 1260 2373 intima
1300 2324 1489 2369 cuncta
1527 2312 1760 2382 valebit,

234 2408 301 2464 Si
343 2410 642 2464 celidoniac
681 2429 840 2464 succo
878 2411 963 2463 lac
1000 2409 1244 2462 iunxeris
1284 2408 1484 2476 huius,

232 2502 508 2556 Vcrrucas
547 2503 754 2575 poteris
794 2502 980 2575 paucis
1019 2523 1207 2555 sanare
1246 2502 1439 2554 dicbus

232 2594 300 2649 Si
341 2596 466 2647 dum
505 2603 608 2647 stat
644 2614 893 2647 crescens
933 2594 1069 2646 hanc
1106 2592 1347 2666 rumpiS,
1383 2593 1467 2646 lac
1505 2590 1649 2645 cadit
1686 2590 1812 2643 inde

235 2685 301 2741 Si
339 2687 471 2739 teris
509 2689 645 2738 hanc
681 2697 896 2758 ruptam
933 2687 1169 2741 viridem
1209 2696 1337 2739 tunc
1375 2686 1622 2757 deprime
1659 2703 1903 2752 succum,

235 2777 485 2830 Phistola
522 2785 741 2829 sanatur
778 2796 877 2849 pcr
915 2796 1037 2828 eum
1073 2776 1204 2830 vino
1242 2776 1518 2828 sociatum.

239 2868 305 2923 Si
344 2888 506 2940 super
545 2868 790 2920 infundis
830 2868 1116 2939 pastellum
1153 2868 1382 2940 desuper
1421 2875 1637 2940 aptans,

238 2961 370 3012 Flos
409 2959 466 3009 in
505 2959 683 3012 resina
725 2945 906 3013 coctus
944 2959 1149 3013 lenierc
1186 2960 1432 3032 leprosos

239 3052 490 3119 Dicitur,
528 3071 589 3111 ac
627 3052 788 3105 huius
827 3052 1020 3105 radicis
1057 3051 1285 3125 pulvere
1324 3050 1467 3104 {acto

242 3144 316 3196 Et
354 3144 483 3199 vino
521 3144 704 3198 iuncto
742 3144 1006 3199 vomitum
1047 3145 1169 3212 dat,
1207 3144 1385 3197 mollit
1423 3151 1476 3196 ct
1508 3143 1694 3197 >alvum

245 3235 395 3288 Inter
432 3256 620 3291 ruscus
658 3237 810 3310 aquis
849 3237 1043 3292 calidis
1082 3235 1339 3309 adipiquc
1377 3234 1593 3308 iugatus

1663 3329 1699 3377 7
