2153 3661
1929 145 2015 208 19

286 303 686 376 Nonnunquam
728 304 824 355 hae
863 303 1055 375 ingens
1092 303 1356 357 sextarius
1395 303 1610 357 abditur
1648 306 1800 374 aive,

285 395 573 449 Clauditur
612 405 702 447 aut
740 395 922 468 potior
961 415 1240 448 mensurae
1280 396 1457 468 portio
1497 397 1715 468 plenae,

129 488 249 540 150
287 488 569 559 Amphora
607 506 741 559 quae
781 486 936 558 piceo
976 487 1172 539 linitur
1209 488 1334 539 dum
1373 489 1621 560 glutine,
1660 501 1839 543 servat

286 580 608 651 Incorrupta
648 577 737 629 diu
777 580 1028 648 generosi
1067 580 1208 633 dona
1245 581 1434 653 Lyaei.

742 773 844 824 Vl.
916 771 1396 824 PEPONES.

285 886 413 938 Hoc
453 884 614 936 simul
652 883 708 935 in
748 883 922 956 spatio
962 883 1133 956 campi
1175 903 1281 955 quo
1321 881 1508 953 figitur
1545 881 1670 936 imis

281 979 434 1030 Haec
473 986 578 1029 tam
621 978 758 1029 lacta
798 996 983 1048 seges,
1023 975 1120 1030 vili
1159 997 1319 1048 quam
1359 977 1595 1029 carmine
1634 976 1821 1049 pinxi,

286 1070 503 1123 Visitur
542 1069 763 1122 alterius
803 1070 928 1121 vitis
968 1089 1136 1140 genus
1175 1088 1297 1120 acre
1335 1088 1432 1140 per
1470 1071 1695 1139 aequor

124 1164 240 1214 155
282 1162 517 1233 Serpere
554 1163 873 1234 pulvereum
913 1173 964 1213 et
1005 1162 1212 1212 fructus
1254 1159 1464 1212 nutrire
1501 1160 1763 1212 rotundos

280 1255 591 1306 Pomorum.
666 1255 821 1306 Haec
860 1254 1066 1325 species
1104 1263 1277 1304 terrae
1317 1273 1480 1324 super
1518 1252 1668 1303 arida
1710 1253 1876 1321 vulgo

276 1348 457 1417 Terga
495 1346 673 1399 iacens
712 1354 982 1398 crementa
1022 1345 1164 1416 capit
1202 1342 1599 1416 pulcherrima,
1637 1342 1809 1394 donec

279 1439 508 1493 Solibus
548 1439 767 1492 aestivis
804 1439 972 1492 flavos
1011 1437 1237 1489 intincta
1278 1437 1489 1488 colores

279 1532 539 1584 Messoris
581 1532 817 1583 calathos
858 1540 1063 1581 matura
1104 1530 1264 1597 fruge
1304 1527 1548 1597 replerit.

122 1626 243 1679 160
282 1625 421 1677 Tum
459 1624 644 1678 videas
684 1623 801 1675 aliis
841 1631 1064 1675 teretem
1101 1620 1230 1673 satis
1272 1639 1388 1672 esse
1426 1619 1685 1690 figuram,

278 1719 532 1792 Undique
569 1737 734 1791 porro
774 1716 896 1770 aliis
935 1715 1174 1786 oblongo
1215 1721 1490 1766 stemmate
1527 1719 1771 1766 ventrem

282 1813 624 1879 Demissum‚
664 1811 816 1863 nucis
856 1819 945 1861 aut
983 1808 1073 1862 ovi
1114 1804 1386 1861 versatilis
1424 1804 1629 1873 instar3

282 1907 392 1958 Vel
433 1904 610 1976 qualis
650 1903 899 1955 manibus
940 1900 1209 1973 quondam
1247 1917 1502 1969 suspensa
1540 1894 1754 1969 supinis

284 1998 457 2050 Lucet
495 2016 660 2068 agens
701 1995 903 2048 circum
943 1992 1166 2046 lomenti
1209 1991 1358 2043 bulla
1398 1989 1662 2055 salivam,

124 2092 243 2145 165
283 2090 430 2143 Ante
468 2110 653 2142 recens
692 2097 993 2140 maceratur
1032 2086 1188 2157 aquis
1225 2106 1384 2158 quam
1422 2104 1610 2157 spuma
1649 2081 1880 2149 refusis,

256 2185 430 2259 ⁴Dum
468 2181 716 2234 lentescit
755 2180 928 2232 adhuc
968 2178 1156 2248 digitis
1196 2177 1522 2230 luctantibus
1563 2185 1615 2228 et
1653 2194 1709 2227 Se

285 2275 533 2329 Alternis
572 2274 786 2328 vicibus
826 2272 1109 2343 studioque
1149 2269 1473 2320 fricantibus
1514 2286 1653 2333 uno,

288 2370 438 2423 Inter
474 2377 740 2438 utranque
779 2385 994 2417 manum
1033 2382 1201 2436 parvo
1238 2363 1299 2414 fit
1336 2381 1535 2434 parvus
1573 2359 1721 2411 hiatu

286 2462 518 2529 Exitus,
557 2462 661 2512 huc
699 2458 888 2512 stricto
927 2456 1067 2510 lenis
1106 2464 1247 2508 meat
1284 2473 1380 2506 ore
1418 2451 1550 2507 Noti
1588 2451 1701 2517 νίε,

247 2804 360 2848 150.
406 2804 577 2848 Colum.
622 2804 676 2848 G,
720 2803 780 2845 Η.
825 2801 944 2845 585,
993 2800 1224 2851 „sobolem
1268 2795 1394 2837 dabit
1440 2795 1521 2835 illa
1564 2804 1769 2848 capacem
1813 2787 2031 2843 Naryciae

129 2879 244 2936 picis
276 2881 351 2917 aut
380 2876 540 2917 Actaei
589 2876 734 2918 mellis
780 2875 1009 2929 Hymetti,
1055 2874 1152 2913 Aut
1192 2867 1383 2911 habilem
1425 2864 1620 2921 lymphis
1661 2860 1884 2903 hamulam
1923 2860 2033 2912 Bacf

134 2949 303 3003 choque
336 2947 580 3000 lagenam.“
625 2967 680 2974 --
726 2946 841 2988 155.
873 2947 1016 2987 Lenta
1042 2943 1161 2984 Blon.
1192 2943 1282 2982 lata
1311 2939 1423 2982 Nor.
1485 2959 1540 2967 —-
1605 2932 1720 2975 154.
1755 2931 2033 2973 Cueumis

131 3020 282 3064 Melo
314 3019 365 3062 L.
399 3042 452 3048 --
489 3017 603 3059 157·
634 3018 777 3059 Tecta
806 3017 936 3059 Vien.
968 3016 1071 3056 Fre.
1104 3011 1261 3053 Choul,
1295 3011 1420 3065 Vix-g.
1455 3008 1621 3059 Georgz
1653 3004 1694 3046 I.
1717 3000 1802 3051 97,
1824 3000 1891 3041 II.
1913 2998 2034 3041 256.

132 3112 189 3120 —
223 3090 352 3141 160,
389 3088 486 3130 161
524 3089 585 3129 sic
616 3086 790 3129 restitui
823 3102 844 3127 e
875 3085 988 3128 Cod.
1021 3084 1143 3126 Mon.
1185 3105 1240 3112 —
1279 3079 1394 3125 165,
1433 3078 1694 3120 Lomentum
1737 3075 1804 3110 est
1841 3082 2035 3123 smegma

134 3160 290 3203 Barth.
326 3160 488 3211 „Sicut
519 3159 636 3198 inter
665 3170 816 3196 manus
846 3155 1056 3197 lavandas
1098 3165 1407 3207 nonnunquam
1450 3148 1591 3189 oritur
1619 3142 1742 3184 hulla
1774 3152 2033 3194 saponacea,

137 3245 271 3289 quum
312 3230 493 3277 lomenti
535 3243 690 3284 spuma
717 3226 890 3268 assidue
930 3225 1128 3274 manibus
1168 3222 1329 3266 teritur
1372 3232 1484 3276 aqua
1524 3214 1693 3259 recenti
1731 3225 1820 3253 non
1860 3207 2031 3250 affusa“
2102 3234 2106 3236 -

138 3300 297 3343 Choul.
330 3321 383 3330 —
416 3296 532 3343 168.
565 3298 639 3341 Sit
667 3296 777 3341 Nor.
811 3322 860 3330 --
1711 3337 1750 3388 2
1773 3334 1798 3361 ,μ
