2153 3661
1897 104 2015 162 103

279 266 525 322 Glutinat
556 265 956 317 ‘herba-reeens
992 261 1219 328 vulnus,
1258 261 1600 333 superaddita
1642 265 1779 316 trita

265 358 586 431 *Compeseit
623 376 835 410 sacrum
872 355 918 407 si
959 354 1082 408 trita
1119 354 1409 426 apponitur
1448 355 1641 425 igneum

719 525 793 580 v,
868 523 1429 594 LIQUIRITIA..

272 644 473 696 Multas
502 661 632 694 nam
670 660 798 694 vere
833 636 1131 710 Liquiritia
1171 637 1345 688 fertur
1389 637 1588 691 habere

269 736 549 789 Virtutes:
589 732 738 785 cuius
777 732 924 784 calor
962 740 1042 782 est
1079 729 1373 782 minoratus
1413 732 1656 785 humecta

272 826 494 880 Dulcis:
532 824 786 876 tussantis
826 833 1011 891 guttur
1050 819 1198 874 iuvat
1232 831 1395 893 atque
1433 825 1677 877 medetur

268 919 490 970 Pectus:
527 912 804 987 pulmonis
841 931 1003 966 venas
1037 914 1341 964 refovendo
1382 916 1610 983 reg-abit.

269 1010 439 1064 Curat
478 1027 707 1080 namque
747 1005 924 1071 sitim,
963 1003 1223 1057 stomachi
1263 1004 1512 1057 nocitura
1552 1007 1777 1077 fugahih

268 1102 460 1155 Coctio
490 1101 547 1153 si
581 1100 837 1171 lymphae
874 1096 1224 1162 miscebitur,
1262 1097 1391 1147 haee
1431 1109 1697 1170 operatur.

261 1194 509 1246 Pectoris
548 1193 760 1244 infirma
799 1199 1053 1243 curantur
1090 1189 1149 1240 in
1188 1189 1285 1240 hac
1324 1190 1618 1259 medicina,

254 1285 574 1359 'Spirituum
613 1284 816 1337 cunetis
852 1291 909 1333 et
948 1281 1198 1351 congruit
1238 1281 1333 1333 illa
1371 1286 1693 1337 strumenti&

777 1452 879 1508 vl.
951 1451 1368 1507 LUPINUS.

260 1569 495 1623 Fervida
532 1567 738 1641 Lupini
775 1566 859 1620 vis
896 1566 1144 1637 siccaque
1183 1567 1384 1618 dicitnr
1422 1586 1568 1636 esse,

262 1664 334 1715 Et
371 1662 595 1714 rubeam
636 1661 906 1713 choleram
943 1666 1141 1731 purgat
1177 1657 1484 1730 iecorisque
1523 1661 1766 1716 dolorem

262 1756 459 1822 Salat,
498 1765 550 1807 et
588 1753 902 1826 hydropicis
941 1755 1194 1826 prodest,
1233 1762 1559 1825 apostemata
1598 1767 1776 1823 sanat,

258 1849 331 1900 Et
371 1847 634 1900 laxativus
669 1854 884 1918 potatus
924 1866 1112 1899 succus
1152 1856 1205 1899 et
1249 1846 1365 1899 eius

261 1940 479 1993 Crudus
519 1939 611 1991 sed
654 1948 835 1990 coctus
877 1939 1080 2010 aperit,
1122 1940 1339 1992 vulvam
1381 1958 1595 2011 quoque
1634 1939 1791 1992 laxat.

258 2032 464 2085 Contra
499 2031 850 2102 phlegmones
893 2049 1028 2100 quae
1068 2042 1192 2082 sunt
1230 2030 1432 2102 splenis
1472 2031 1774 2104 iecorisquc

254 2124 398 2177 Cum
438 2123 624 2175 solatri
664 2142 824 2174 succo
865 2130 1045 2175 coctus
1086 2124 1146 2174 fit
1186 2132 1238 2175 et
1276 2124 1511 2196 optimus
1550 2124 1647 2177 ille

256 2217 514 2270 letericos
552 2226 703 2269 curat
741 2215 953 2268 bibitur
990 2216 1034 2268 si
1070 2225 1231 2289 potus
1274 2225 1326 2267 et
1366 2216 1509 2268 idem

256 2308 494 2361 Ventrcs
533 2310 805 2362 humectat
841 2308 928 2360 hic
968 2308 1303 2380 extiguitque
1342 2308 1591 2361 calorem.

254 2401 423 2452 l’ellit
463 2410 514 2452 et
554 2421 582 2453 e
621 2402 806 2473 splene
845 2401 1251 2473 cataplasmatus
1288 2400 1381 2452 ille
1422 2400 1666 2454 dolorem

251 2492 500 2544 Auribus
537 2493 742 2559 in7usus
782 2495 876 2544 has
916 2513 944 2544 a
983 2492 1271 2564 putredine
1310 2494 1559 2559 mundat,

255 2584 496 2636 Naribus
535 2584 785 2636 adiuncta
824 2583 972 2637 iuvat
1010 2586 1140 2636 haec
1179 2584 1362 2635 eadem
1400 2584 1697 2645 medicina,

249 2676 425 2729 Cuius
461 2696 553 2728 ros
595 2677 716 2727 olco
757 2676 1080 2727 commixtus
1120 2675 1302 2746 sicque
1339 2675 1618 2740 medetur‚

250 2767 402 2839 Ignis
443 2787 578 2838 quos
615 2766 771 2822 laesit
808 2765 1103 2837 refrigerat
1141 2766 1243 2816 hoc
1279 2765 1628 2818 medicamen„

623 2936 755 2992 Vll.
830 2934 1461 3006 SOLSEQUIUM.

246 3048 400 3102 Solis
439 3068 631 3121 sponsa
672 3049 841 3120 gradu
884 3050 1062 3121 primo
1100 3070 1221 3104 cum
1260 3050 1471 3121 frigore
1509 3053 1645 3105 sicca

223 3256 304 3294 VI.
339 3256 406 3296 Cf.
438 3256 578 3311 Apul.
610 3256 719 3315 Cap.
753 3255 879 3299 CXI-
