2153 3661
1889 105 2020 168 101

276 282 432 337 Haec
470 277 619 352 adipi
657 277 703 331 si
740 278 813 332 sit
842 276 1070 351 porcino
1108 275 1287 329 iuncta
1324 272 1582 342 terendo,

274 374 348 427 Et
384 371 512 426 vino
550 390 733 444 sparsa
774 370 1006 424 fundens
1043 388 1142 442 per
1178 368 1356 439 lignea
1395 386 1553 433 vasa,

274 465 409 524 Post
445 472 744 538 apponatur
781 472 834 517 et
870 461 950 516 sic
987 481 1178 516 cancer
1215 459 1528 513 medicatur.

735 632 813 687 11.
882 628 1430 686 AGARICUS.

275 747 500 821 Agarici
539 747 745 820 specics
786 747 1031 818 geminae
1070 755 1225 812 sunt,
1263 745 1378 817 ipsa
1420 742 1612 815 probat
1649 761 1755 795 res.

273 841 469 894 Altera
509 859 702 909 nempe
739 838 934 902 maris,
973 857 1033 890 ac
1071 838 1237 889 altera
1276 837 1341 889 sit
1380 835 1657 901 mulieris,

274 932 410 984 Esse
447 939 624 981 tamen
663 927 858 980 melior
895 929 1102 1001 species
1142 930 1316 979 fertur
1355 927 1620 978 mulieris.

275 1025 490 1078 Harum
529 1024 623 1077 scd
660 1024 862 1076 formas
902 1038 1227 1094 cognoscere
1265 1017 1314 1071 si
1353 1016 1506 1090 cupis
1545 1017 1719 1089 ipsaS‚

281 1116 604 1189 Impositum
644 1116 881 1168 fructum
918 1135 1080 1187 super
1118 1116 1221 1166 hoc
1259 1110 1407 1163 aliud
1444 1120 1621 1161 tamen
1661 1126 1859 1177 unum,

277 1209 555 1263 Masculus
593 1208 817 1261 interius
856 1216 936 1261 est
973 1206 1112 1262 levis
1149 1214 1308 1277 atque
1346 1202 1647 1269 rotundus,

277 1300 450 1371 Inque
487 1300 658 1370 gradu
697 1299 874 1371 primo
914 1298 1079 1350 calidi
1119 1306 1243 1349 suut
1282 1306 1442 1366 atque
1481 1293 1734 1346 secundo.

277 1391 426 1446 Sicci
465 1391 558 1444 sed
595 1399 829 1463 purgant
867 1397 1054 1462 pectus
1091 1408 1188 1460 per
1226 1388 1475 1457 flegmata
1514 1385 1765 1451 solvunt,

281 1485 489 1538 Grosos
526 1484 764 1538 viscosos
804 1486 1055 1534 humores
1095 1488 1477 1545 extenuantur,

276 1578 432 1629 Haec
472 1585 523 1628 et
561 1576 905 1628 mortiferum
941 1572 1224 1641 restringit
1262 1579 1472 1641 sumpta
1517 1586 1800 1622 vencnum.

275 1669 486 1721 Hausta
525 1668 666 1722 valet
705 1676 891 1720 contra
928 1664 1076 1718 renis
1115 1662 1423 1733 iecorisque
1462 1661 1712 1725 dolores,

276 1760 515 1812 Prosunt
551 1758 796 1831 pulmoni
835 1757 1037 1829 splenis
1076 1755 1399 1825 solvuntque
1438 1762 1706 1815 tumores,

279 1851 668 1922 Stranguricos
707 1849 870 1902 simul
907 1848 1156 1901 ictericos
1196 1854 1488 1917 sanantque
1528 1843 1778 1909 dolores,

275 1947 322 1998 F
328 1944 551 1997 ehrihus
589 1951 910 2007 occurrunt,
947 1949 1176 2012 prosunt
1215 1948 1268 1990 ct
1305 1945 1517 2009 sumpta
1556 1932 1806 2001 caducis,

276 2036 556 2092 Menstrua
595 2034 781 2105 sicque
817 2040 973 2087 vocat
1009 2040 1061 2083 et
1097 2038 1317 2085 ventum
1354 2026 1578 2081 ventilat
1617 2034 1800 2092 extra,

277 2128 516 2182 Glandes
554 2127 632 2179 sic
670 2135 819 2179 sanat
857 2126 988 2177 haec
1028 2123 1074 2175 si
1114 2121 1346 2175 contrita
1385 2120 1633 2186 bibatur,

274 2220 475 2274 Dicere
512 2238 621 2272 uon
660 2238 794 2291 opus
834 2226 914 2270 est
950 2217 1081 2270 hacc
1119 2214 1267 2268 omni
1305 2223 1549 2286 tempore
1586 2209 1826 2285 prodest.

718 2389 821 2443 ΙΙΙ.
894 2385 1445 2444 GENTIANA.

273 2505 498 2558 Her-bae
538 2504 835 2558 Gentianae
872 2504 953 2558 vis
993 2512 1072 2556 est
1112 2513 1164 2555 et
1202 2501 1343 2554 sicca
1381 2500 1706 2570 calensque,
1775 2564 1791 2571 ὁ

276 2597 497 2650 Tertius
536 2595 664 2648 huie
703 2595 901 2664 gradus
942 2603 1021 2646 cst
1057 2602 1282 2645 tenuans
1322 2600 1374 2643 et
1406 2589 1887 2657 mundificansque,

276 2689 499 2761 Splenis
537 2688 626 2741 vel
664 2687 863 2739 iecoris
902 2687 1084 2741 dicunt
1122 2704 1311 2738 curare
1348 2683 1626 2747 dolorem,

276 2781 376 2832 Est
414 2799 549 2850 aqua
587 2778 633 2831 si
675 2778 845 2831 calida
883 2786 1014 2849 potu
1056 2776 1175 2826 data
1215 2774 1483 2845 melleque
1521 2770 1723 2838 mixta,

278 2872 497 2928 Morsus
536 2868 806 2942 serpentis
845 2868 1031 2921 cadem
1068 2866 1442 2940 cataplasmate
1479 2871 1662 2929 curat,

248 3116 305 3157 V.
337 3113 385 3157 8.
417 3114 487 3157 Cf.
519 3114 639 3157 Plin.
672 3111 731 3155 R.
764 3111 877 3154 med.
909 3110 948 3152 I.
972 3108 1051 3150 60.
1084 3131 1135 3139 —-—
1168 3106 1264 3150 III.
1297 3104 1351 3151 V.
1383 3105 1602 3163 Apuleius
1631 3104 1734 3147 virt.
1766 3099 1889 3144 herb.
1913 3098 2024 3156 Cap.

136 3184 267 3227 XVI.
296 3184 444 3228 Habet
474 3184 625 3240 Caput
653 3183 737 3227 hoc
766 3182 1041 3226 Rantzovius
1079 3180 1126 3224 in
1165 3180 1290 3224 Edit.
1344 3177 1488 3225 Macri
1525 3174 1759 3231 Hamburg
1790 3170 1943 3218 1590.
1974 3169 2023 3214 8.

132 3256 245 3313 Pag.
279 3256 362 3302 75.
