2153 3661
281 307 553 374 'Novimus
591 329 649 371 ut
688 329 903 380 con-tra,
940 327 1110 370 totum
1150 316 1195 366 si
1235 316 1433 369 inim-ia
1469 335 1668 389 eorpus

290 405 511 476 Impetit
550 402 811 468 interius,
849 400 1049 451 muniri
1088 398 1296 452 viribus
1335 398 1451 449 eius

294 489 427 541 Sese
465 506 619 557 posse
656 485 793 550 rati,
828 484 1031 535 soleant
1068 482 1284 533 hau-rire
1323 481 1516 532 diebus

295 569 583 623 Continuis
621 571 723 620 hoe
761 587 881 619 aere
921 585 1090 636 genus
1128 563 1496 614 medicaminis
1535 563 1673 614 almi.

134 655 254 708 555
293 655 577 707 Praeterea
615 664 771 725 eaput
809 654 1004 704 infesto
1046 650 1091 702 si
1129 651 1353 702 vulnere
1393 650 1621 700 fractum

295 741 580 805 Tabuerit,
621 749 732 790 tum
771 739 957 790 erebra
996 754 1244 808 premens
1284 734 1542 806 imponito
1583 752 1765 786 sacrae

277 824 542 893 'segmina
580 822 903 884 Betonieae,
944 821 1117 872 statim
1158 820 1425 871 mirabere
1462 819 1605 871 vires

294 907 483 975 Illius,
521 906 576 958 in
614 905 849 958 solidum
887 902 1054 955 suerit
1093 902 1218 953 dum
1258 903 1433 953 clausa
1473 900 1712 954 cicatrix.

709 1033 829 1083 XX
901 1027 1469 1081 AGRIMONIA.

281 1143 395 1195 Hie
432 1162 645 1214 qnoque
685 1142 1028 1195 Sareoeolam
1069 1158 1280 1210 campos
1320 1158 1453 1210 quae
1491 1137 1722 1208 plurima
1759 1136 1956 1207 passim

138 1227 259 1279 560
297 1227 479 1279 Vestit
518 1236 569 1277 et
609 1224 811 1276 effaetis
850 1224 1107 1276 silvarum
1145 1222 1360 1275 inventa
1398 1220 1497 1272 sul)
1537 1219 1743 1271 umbris

295 1310 581 1375 Nascitur,
620 1309 898 1361 ordinibus
943 1307 1100 1358 facile
1139 1314 1218 1357 est
1256 1306 1559 1356 discernere
1597 1302 1841 1374 pulchris

278 1394 433 1445 Haec
469 1401 680 1463 praeter
715 1391 925 1444 varium
963 1391 1109 1440 latae
1139 1390 1358 1441 virtutis
1397 1391 1683 1450 honorem,

301 1475 454 1526 Trita
493 1475 671 1524 domat
708 1472 911 1525 ventris
950 1472 1263 1542 praedirum
1304 1480 1354 1522 et
1391 1479 1515 1541 pota
1557 1470 1814 1521 dolorem.

302 1557 365 1609 Si
406 1576 538 1627 quae
579 1557 721 1607 forte
759 1555 976 1625 chalybs
1014 1555 1254 1606 intensus
1293 1555 1516 1607 vulnera
1554 1552 1809 1604 memhris

142 1642 264 1695 565
304 1640 568 1693 Indiderit
606 1638 833 1704 nostris,
873 1638 1030 1690 huius
1068 1637 1558 1695 tentareiubemur

278 1723 593 1787 Auxilium,
631 1721 878 1793 partique
915 1721 1193 1793 imponere
1235 1730 1386 1773 tonsa
1423 1718 1626 1791 patenti

300 1807 590 1871 Germina,
630 1816 892 1858 maturum
930 1806 1138 1857 nacturi
1177 1807 1275 1856 hac
1313 1812 1425 1855 arte
1463 1803 1738 1873 vigorem,

297 1890 364 1946 Si
401 1899 575 1942 tam-en
614 1889 837 1940 addatur
872 1890 1121 1942 mordens
1161 1886 1514 1958 cataplasmati
1553 1893 1774 1937 acetum.

714 2015 865 2067 XXI.
937 2012 1448 2068 AMBROSIA.

297 2124 462 2176 Haud
500 2124 690 2196 procul
727 2123 1074 2175 Ambrosiam
1111 2123 1276 2191 vulgo
1317 2140 1478 2192 quam
1516 2119 1697 2171 dicere
1734 2137 1851 2172 mos
1889 2130 1968 2172 est

140 2219 264 2272 570
301 2218 577 2288 Erigitur,
617 2217 827 2268 laudata
868 2216 1116 2286 quidem,
1155 2214 1248 2266 sed
1288 2233 1354 2264 au
1393 2213 1494 2263 ista
1533 2211 1603 2263 sit
1640 2211 1773 2279 illa,

301 2310 475 2364 Cuius
510 2309 567 2359 in
606 2307 836 2377 antiquis
875 2306 1201 2376 creberrima
1238 2303 1439 2357 mentio
1476 2302 1635 2354 libris

294 2402 420 2468 Fit,
459 2400 676 2453 dubium
716 2408 794 2452 est
831 2398 1031 2465 multis.
1103 2395 1309 2451 Medici
1349 2403 1524 2448 tamen
1563 2402 1676 2446 arte
1715 2402 1906 2464 suapte

251 2647 366 2689 555.
399 2647 456 2691 V.
486 2646 635 2688 Maec-r
664 2661 703 2689 v.
736 2644 856 2695 444,
886 2645 969 2686 Ed.
1004 2643 1164 2688 Choul.
1197 2617 1443 2697 „Tritaque
1472 2640 1693 2682 fracturae
1724 2640 1885 2694 capitis
1914 2638 2019 2680 haee

137 2719 231 2759 sola
260 2718 504 2761 111e‹lctu1·.“
536 2738 590 2745 -
623 2715 738 2758 559.
769 2715 1050 2770 lirinargine
1082 2717 1205 2757 Mon.
1239 2712 1538 2766 „Ag-rimonia
1570 2726 1681 2766 qune
1715 2711 1886 2750 sarculo
1918 2710 2019 2750 coli-

136 2788 256 2830 tun-,⁶⁶
317 2788 673 2842 Agrimouia
716 2787 1104 2840 Eupatorium
1158 2784 1208 2825 L.
1264 2784 1334 2826 Cf.
1379 2783 1602 2834 Apuleius
1647 2782 1796 2822 virtut.
1844 2778 2018 2822 herbar.

140 2859 249 2912 Cap.
283 2858 470 2900 XXXI.
532 2881 585 2887 ——-
646 2856 765 2899 560.
796 2857 978 2896 Effaetis
1008 2857 1037 2897 i.
1072 2871 1116 2909 q.
1148 2855 1387 2897 sterilibus.
1421 2854 1473 2895 V.
1506 2854 1633 2906 virg.
1667 2851 1831 2903 Georg.
1863 2850 1901 2891 I.
1936 2848 2018 2891 81.

144 2928 355 2978 „effaetus
377 2942 456 2982 per
478 2927 651 2979 agros.“
689 2949 728 2955 —-
769 2925 888 2969 564.
909 2925 1043 2979 Quod
1059 2925 1095 2965 si
1115 2925 1227 2965 forte
1257 2925 1368 2965 Nor.
1391 2945 1447 2951 -
1477 2923 1591 2964 565.
1619 2924 1870 2976 Temptare.
1891 2920 2017 2961 Vicn,

139 3022 193 3029 —
237 2998 355 3040 569.
401 2997 640 3038 Ambrosia
681 3013 715 3039 s,
760 2996 1004 3037 Athanasia
1046 2999 1111 3035 est
1142 2995 1211 3037 vel
1253 2996 1292 3035 T
1305 3009 1329 3034 a
1344 3010 1370 3034 n
1386 3009 1409 3034 a
1426 3008 1447 3034 c
1463 3008 1484 3034 e
1499 2999 1518 3034 t
1532 3008 1611 3034 um
1656 3008 1683 3034 v
1699 2992 1755 3031 ul
1770 3003 1868 3043 gar
1883 3004 1904 3028 e
1949 2981 2020 3028 vel

137 3072 184 3111 A
197 3085 219 3109 1·
232 3074 249 3109 t
266 3085 286 3110 e
307 3069 480 3109 misia
519 3082 542 3108 c
559 3081 674 3120 amp
692 3081 742 3106 es
757 3071 774 3105 t
787 3068 875 3106 ris
922 3067 975 3110 L.
1004 3065 1075 3109 Cf.
1107 3065 1309 3107 vincent.
1344 3066 1598 3106 Belvaeens.
1629 3060 1807 3116 Speeul.
1839 3057 1900 3100 X.
1934 3055 2017 3099 54.

139 3139 361 3191 „Ambria
391 3139 463 3179 vel
492 3137 730 3179 Ambrosia
762 3142 825 3177 est
854 3139 955 3192 vagi
976 3138 1164 3178 nominis
1187 3142 1228 3177 et
1251 3137 1415 3176 circum
1430 3137 1571 3176 varias
1591 3131 1747 3172 herbas
1766 3126 2016 3168 fluctuans“

139 3230 194 3238 —-
223 3209 342 3251 Plin.
372 3209 491 3250 llist.
522 3209 623 3248 Nat.
659 3206 809 3250 XVII.
841 3209 888 3250 4.
933 3209 969 3250 C
983 3209 1011 3248 h
1027 3224 1086 3249 en
1104 3223 1128 3249 ο
1145 3223 1173 3262 p
1194 3223 1218 3250 o
1237 3207 1265 3248 «l
1279 3208 1295 3248 i
1309 3221 1337 3247 u
1351 3221 1393 3247 m
1437 3205 1478 3245 B
1494 3207 1551 3244 ot
1565 3216 1589 3243 r
1603 3216 1630 3256 y
1646 3214 1666 3242 s
1703 3201 2017 3255 interpretatur

141 3280 281 3323 Dcnis
312 3280 342 3321 l.
374 3293 414 3324 c.
443 3299 496 3306 -
527 3277 643 3321 571.
677 3278 975 3319 celeberrima
1001 3279 1123 3321 Mon.
