2153 3661
1928 138 2017 197 117

340 307 455 363 lx.
547 305 851 363 Prunus
911 303 1237 365 Cerasus
1298 314 1368 366 et
1423 306 1685 365 Avium
1741 306 1818 365 L.

306 429 463 485 Hist.
537 438 651 486 nat.
710 429 852 486 XV.
914 427 1023 487 25.
1097 429 1395 505 „Cerasos
1456 431 1526 487 ad
1593 429 1755 487 urhis
1813 450 2025 489 annum

129 533 519 593 DCLXXX.
544 536 618 593 L.
666 534 952 593 Lucullus
1000 538 1256 613 primum
1299 538 1458 593 vexit
1505 559 1535 594 e
1572 538 1792 612 PontO,
1838 540 2027 594 annis-

132 662 247 721 que
297 639 496 699 CXX.
554 651 716 698 ‘trans
781 640 1086 700 Oceanum
1141 646 1201 700 in
1246 644 1607 701 Britanniam
1661 665 1850 723 usque
1896 665 2028 721 per-

127 768 362 805 venere.
447 747 521 804 In
578 749 721 824 ripis
770 750 940 805 etiam
986 749 1182 807 Rheni
1228 759 1381 808 sunt.
1455 751 1697 808 Tertius
1744 752 1812 807 iis
1862 749 2025 808 colos

130 876 162 910 e
208 856 378 932 nigro
449 875 516 910 ac
576 851 810 910 rubenti
868 853 1157 935 viridique
1229 854 1429 912 similis
1500 855 2025 915 maturescentibus

129 956 420 1039 semper.‘⁶
490 993 551 1000 —

485 1100 567 1158 X.
656 1100 930 1158 Linum
976 1102 1556 1159 usitatissimum
1613 1102 1689 1159 L.

304 1206 548 1265 Tacitus
596 1205 871 1266 German.
943 1206 1089 1286 Cap.
1151 1208 1356 1283 XVII.
1419 1210 1736 1284 „Feminae
1796 1210 2028 1287 saepius

129 1312 295 1371 lineis
344 1313 647 1372 amictibus
692 1323 938 1371 utuntur
983 1335 1205 1394 eosque
1252 1337 1516 1393 purpura
1559 1318 1787 1373 variant
1833 1315 2028 1391 „Plim

128 1420 211 1480 H.
257 1420 331 1477 N.
377 1420 558 1481 XIX.
606 1417 668 1477 5.
715 1420 933 1477 Linum
978 1422 1193 1477 seritur
1240 1420 1546 1480 sabulosis,
1631 1422 1795 1479 Vere
1841 1432 2030 1480 satum

130 1537 348 1585 aestate
396 1526 631 1585 vellitur
686 1561 748 1568 ——-
810 1526 1098 1602 Cadurci,
1159 1527 1369 1604 caleti,
1419 1531 1662 1604 Ruteni⁷
1706 1530 2029 1608 Bituriges⁹

128 1632 434 1714 ultimique
479 1631 780 1690 hominum
826 1634 1134 1691 existimati
1180 1633 1423 1709 Morini,
1466 1637 1583 1692 imo
1628 1657 1772 1693 vero
1804 1635 2028 1693 Galliae

129 1742 436 1799 universae
495 1739 626 1799 vela
680 1747 904 1800 texunt.
1007 1739 1147 1797 Jam
1210 1740 1447 1820 quidem
1506 1751 1564 1800 et
1624 1742 2031 1800 transrhenani

130 1845 367 1922 hostes⁷
427 1869 536 1905 nec
594 1847 993 1926 pulchriorem
1051 1847 1219 1906 aliam
1261 1859 1486 1908 vestem
1531 1872 1736 1909 eorum
1780 1851 2029 1909 feminae

130 1972 370 2010 novere.
437 1955 509 2011 In
555 1953 869 2013 Germania
914 1953 1135 2013 defossi
1182 1965 1359 2037 atque
1414 1953 1524 2025 sub
1571 1966 1729 2015 terra
1776 1956 1837 2014 id
1881 1977 2030 2035 opus

129 2055 370 2137 agunt.‘⁶
414 2092 502 2102 —-

673 2171 788 2231 XI.
879 2173 1096 2231 Vicia
1150 2173 1354 2233 Faba
1420 2176 1495 2233 L.

310 2277 468 2335 Hist.
540 2289 642 2338 nat
708 2280 946 2338 XVIII.
1029 2278 1134 2338 12.
1225 2281 1429 2357 „Faba
1489 2283 1750 2339 nascitur
1809 2291 1868 2340 et
1927 2302 2031 2340 sua

133 2393 344 2460 sponte
389 2384 689 2467 plerisque
735 2389 796 2444 in
839 2385 1024 2461 locis7
1084 2391 1235 2446 sicut
1280 2386 1754 2467 septentrionalis
1804 2387 2030 2446 Oceani

131 2490 370 2566 insulis,
419 2515 562 2573 quas
611 2492 687 2550 ob
731 2493 791 2550 id
835 2497 1023 2551 nostri
1067 2493 1347 2552 Fabarias
1396 2490 1751 2573 appellant.⁶‘
1823 2493 1918 2553 Cf.
1953 2495 2027 2550 L.

132 2594 244 2652 IV.
297 2593 401 2653 15.
468 2597 614 2656 Inde
661 2619 695 2656 a
738 2604 1148 2677 promontorio
1198 2600 1573 2660 Cimbrorum
1637 2599 1858 2659 insulae
1906 2602 2031 2658 Ro-

134 2726 439 2764 manorum
518 2710 692 2765 armis
761 2711 1047 2789 cognitae.
1157 2710 1381 2767 Earum
1451 2706 1809 2766 nobilissima
1878 2708 2029 2763 Bur-

136 2813 349 2887 chana‚
408 2811 657 2874 Fabaria
715 2834 748 2870 a
804 2817 1023 2872 nostris
1085 2804 1293 2890 dictas
1327 2834 1361 2870 a
1418 2813 1608 2893 frugis
1656 2810 2028 2871 similitudine

137 2928 348 2998 sponte
392 2919 852 2998 provenientiS.“
908 2935 971 2963 —''

605 3060 753 3119 XII.
842 3062 1048 3120 Vitis
1107 3062 1435 3120 vinifera
1479 3059 1554 3119 L.

278 3168 436 3225 Hist.
475 3178 664 3226 natur.
699 3169 874 3227 XIV.
921 3167 1031 3227 21.
1081 3169 1341 3245 „Vinum
1386 3170 1539 3226 circa
1582 3164 1775 3247 Alpes
1819 3167 2028 3248 ligneis

141 3273 293 3330 vasis
339 3274 641 3352 conditur,
691 3297 841 3357 quos
886 3274 1120 3335 circulis
1168 3277 1444 3355 cingunt,
1500 3283 1559 3333 et
1603 3273 1790 3335 hieme
1840 3273 2030 3355 gelida
