<?xml version="1.0" encoding="UTF-8"?>
<!DOCTYPE html PUBLIC "-//W3C//DTD XHTML 1.0 Transitional//EN"
    "http://www.w3.org/TR/xhtml1/DTD/xhtml1-transitional.dtd">
<html xmlns="http://www.w3.org/1999/xhtml" xml:lang="en" lang="en">
 <head>
  <title>
</title>
<meta http-equiv="Content-Type" content="text/html;charset=utf-8" />
  <meta name='ocr-system' content='tesseract 3.04.00' />
  <meta name='ocr-capabilities' content='ocr_page ocr_carea ocr_par ocr_line ocrx_word'/>
</head>
<body>
  <div class='ocr_page' id='page_1' title='image "./walafridistrabih00wala_0019.png"; bbox 0 0 2153 3661; ppageno 0'>
   <div class='ocr_carea' id='block_1_1' title="bbox 1033 542 1067 601">
    <p class='ocr_par' dir='ltr' id='par_1_1' title="bbox 1033 542 1067 601">
     <span class='ocr_line' id='line_1_1' title="bbox 1033 542 1067 601; baseline 0 0"><span class='ocrx_word' id='word_1_1' title='bbox 1033 542 1067 601; x_wconf 90' lang='grc' dir='ltr'>Ι</span> 
     </span>
    </p>
   </div>
   <div class='ocr_carea' id='block_1_2' title="bbox 541 667 1549 745">
    <p class='ocr_par' dir='ltr' id='par_1_2' title="bbox 541 667 1549 745">
     <span class='ocr_line' id='line_1_2' title="bbox 541 667 1549 745; baseline 0.003 -3"><span class='ocrx_word' id='word_1_2' title='bbox 541 667 1006 742; x_wconf 80' lang='lat' dir='ltr'><strong>JOANNI</strong></span> <span class='ocrx_word' id='word_1_3' title='bbox 1090 671 1549 745; x_wconf 76' lang='lat' dir='ltr'><strong>STABIO</strong></span> 
     </span>
    </p>
   </div>
   <div class='ocr_carea' id='block_1_3' title="bbox 110 805 2000 1064">
    <p class='ocr_par' dir='ltr' id='par_1_3' title="bbox 110 805 2000 1064">
     <span class='ocr_line' id='line_1_3' title="bbox 110 805 1999 869; baseline -0.003 -5"><span class='ocrx_word' id='word_1_4' title='bbox 110 807 316 864; x_wconf 79' lang='lat' dir='ltr'>DIVI</span> <span class='ocrx_word' id='word_1_5' title='bbox 379 805 856 860; x_wconf 79' lang='lat' dir='ltr'><strong>CAESARIS·</strong></span> <span class='ocrx_word' id='word_1_6' title='bbox 901 807 1530 863; x_wconf 80' lang='lat' dir='ltr'><strong>MAXIMILIANI</strong></span> <span class='ocrx_word' id='word_1_7' title='bbox 1587 811 1999 869; x_wconf 80' lang='lat' dir='ltr'>CHRONO-</span> 
     </span>
     <span class='ocr_line' id='line_1_4' title="bbox 112 900 2000 962; baseline 0.003 -6"><span class='ocrx_word' id='word_1_8' title='bbox 112 900 500 956; x_wconf 76' lang='lat' dir='ltr'>GRAPHO</span> <span class='ocrx_word' id='word_1_9' title='bbox 564 901 626 952; x_wconf 88' lang='lat' dir='ltr'><strong>F.</strong></span> <span class='ocrx_word' id='word_1_10' title='bbox 675 900 1278 957; x_wconf 81' lang='lat' dir='ltr'>BENEDICTUS</span> <span class='ocrx_word' id='word_1_11' title='bbox 1336 902 2000 962; x_wconf 81' lang='lat' dir='ltr'>CHELIDONIUS</span> 
     </span>
     <span class='ocr_line' id='line_1_5' title="bbox 263 993 1845 1064; baseline 0.004 -16"><span class='ocrx_word' id='word_1_12' title='bbox 263 994 356 1048; x_wconf 89' lang='lat' dir='ltr'><strong>IN</strong></span> <span class='ocrx_word' id='word_1_13' title='bbox 403 993 761 1049; x_wconf 86' lang='lat' dir='ltr'><strong>STRABI</strong></span> <span class='ocrx_word' id='word_1_14' title='bbox 797 993 1258 1064; x_wconf 68' lang='lat' dir='ltr'>{MONACHI</span> <span class='ocrx_word' id='word_1_15' title='bbox 1305 997 1845 1055; x_wconf 79' lang='lat' dir='ltr'>HORTULUM.</span> 
     </span>
    </p>
   </div>
   <div class='ocr_carea' id='block_1_4' title="bbox 880 1131 1221 1138">
    <p class='ocr_par' dir='ltr' id='par_1_4' title="bbox 880 1131 1221 1138">
     <span class='ocr_line' id='line_1_6' title="bbox 880 1131 1221 1138; baseline 0 2523"><span class='ocrx_word' id='word_1_16' title='bbox 880 1131 1221 1138; x_wconf 95' lang='lat' dir='ltr'><strong> </strong></span> 
     </span>
    </p>
   </div>
   <div class='ocr_carea' id='block_1_5' title="bbox 105 1261 1678 3325">
    <p class='ocr_par' dir='ltr' id='par_1_5' title="bbox 110 1261 1621 1548">
     <span class='ocr_line' id='line_1_7' title="bbox 110 1261 1589 1360; baseline 0.003 -20"><span class='ocrx_word' id='word_1_17' title='bbox 110 1261 419 1360; x_wconf 69' lang='lat' dir='ltr'><strong>Hercynia</strong></span> <span class='ocrx_word' id='word_1_18' title='bbox 456 1286 515 1339; x_wconf 86' lang='lat' dir='ltr'><strong>iu</strong></span> <span class='ocrx_word' id='word_1_19' title='bbox 552 1288 598 1340; x_wconf 90' lang='lat' dir='ltr'>F</span> <span class='ocrx_word' id='word_1_20' title='bbox 603 1287 728 1340; x_wconf 90' lang='lat' dir='ltr'><strong>ulda</strong></span> <span class='ocrx_word' id='word_1_21' title='bbox 768 1287 998 1341; x_wconf 85' lang='lat' dir='ltr'><strong>Strahus</strong></span> <span class='ocrx_word' id='word_1_22' title='bbox 1039 1307 1175 1360; x_wconf 82' lang='lat' dir='ltr'><strong>quae</strong></span> <span class='ocrx_word' id='word_1_23' title='bbox 1213 1289 1419 1360; x_wconf 71' lang='lat' dir='ltr'><strong>legerat</strong></span> <span class='ocrx_word' id='word_1_24' title='bbox 1456 1290 1589 1344; x_wconf 85' lang='lat' dir='ltr'><strong>olim</strong></span> 
     </span>
     <span class='ocr_line' id='line_1_8' title="bbox 256 1381 1497 1457; baseline 0.002 -22"><span class='ocrx_word' id='word_1_25' title='bbox 256 1381 374 1435; x_wconf 88' lang='lat' dir='ltr'><strong>Sub</strong></span> <span class='ocrx_word' id='word_1_26' title='bbox 412 1381 638 1433; x_wconf 85' lang='lat' dir='ltr'><strong>Rabano</strong></span> <span class='ocrx_word' id='word_1_27' title='bbox 677 1382 872 1434; x_wconf 86' lang='lat' dir='ltr'><strong>florum</strong></span> <span class='ocrx_word' id='word_1_28' title='bbox 911 1382 1114 1435; x_wconf 87' lang='lat' dir='ltr'><strong>semina</strong></span> <span class='ocrx_word' id='word_1_29' title='bbox 1152 1383 1497 1457; x_wconf 79' lang='lat' dir='ltr'><strong>Musophilo‚</strong></span> 
     </span>
     <span class='ocr_line' id='line_1_9' title="bbox 112 1473 1621 1548; baseline 0.003 -20"><span class='ocrx_word' id='word_1_30' title='bbox 112 1473 268 1528; x_wconf 83' lang='lat' dir='ltr'><strong>Sevit</strong></span> <span class='ocrx_word' id='word_1_31' title='bbox 305 1475 362 1526; x_wconf 90' lang='lat' dir='ltr'><strong>in</strong></span> <span class='ocrx_word' id='word_1_32' title='bbox 400 1476 503 1527; x_wconf 86' lang='lat' dir='ltr'><strong>hoc</strong></span> <span class='ocrx_word' id='word_1_33' title='bbox 542 1474 719 1526; x_wconf 85' lang='lat' dir='ltr'><strong>obiter</strong></span> <span class='ocrx_word' id='word_1_34' title='bbox 759 1475 1061 1546; x_wconf 83' lang='lat' dir='ltr'><strong>cecinitquc</strong></span> <span class='ocrx_word' id='word_1_35' title='bbox 1102 1478 1392 1529; x_wconf 88' lang='lat' dir='ltr'><strong>cucullifer</strong></span> <span class='ocrx_word' id='word_1_36' title='bbox 1429 1480 1621 1548; x_wconf 73' lang='lat' dir='ltr'><strong>horto,</strong></span> 
     </span>
    </p>

    <p class='ocr_par' dir='ltr' id='par_1_6' title="bbox 105 1567 1678 3325">
     <span class='ocr_line' id='line_1_10' title="bbox 255 1567 1447 1640; baseline 0.002 -21"><span class='ocrx_word' id='word_1_37' title='bbox 255 1567 423 1620; x_wconf 83' lang='lat' dir='ltr'><strong>Grata</strong></span> <span class='ocrx_word' id='word_1_38' title='bbox 459 1567 797 1640; x_wconf 88' lang='lat' dir='ltr'><strong>Napaearum</strong></span> <span class='ocrx_word' id='word_1_39' title='bbox 836 1587 1055 1620; x_wconf 89' lang='lat' dir='ltr'><strong>munera</strong></span> <span class='ocrx_word' id='word_1_40' title='bbox 1091 1569 1447 1640; x_wconf 74' lang='lat' dir='ltr'><strong>praticolum,</strong></span> 
     </span>
     <span class='ocr_line' id='line_1_11' title="bbox 110 1661 1523 1735; baseline 0.004 -23"><span class='ocrx_word' id='word_1_41' title='bbox 110 1661 180 1713; x_wconf 86' lang='lat' dir='ltr'><strong>Et</strong></span> <span class='ocrx_word' id='word_1_42' title='bbox 218 1662 454 1714; x_wconf 85' lang='lat' dir='ltr'><strong>medicas</strong></span> <span class='ocrx_word' id='word_1_43' title='bbox 493 1661 676 1714; x_wconf 86' lang='lat' dir='ltr'><strong>docuit</strong></span> <span class='ocrx_word' id='word_1_44' title='bbox 713 1662 857 1715; x_wconf 88' lang='lat' dir='ltr'><strong>vires</strong></span> <span class='ocrx_word' id='word_1_45' title='bbox 896 1662 1206 1735; x_wconf 85' lang='lat' dir='ltr'><strong>cultumque</strong></span> <span class='ocrx_word' id='word_1_46' title='bbox 1246 1664 1523 1718; x_wconf 81' lang='lat' dir='ltr'><strong>decentem</strong></span> 
     </span>
     <span class='ocr_line' id='line_1_12' title="bbox 252 1755 1379 1826; baseline 0.002 -19"><span class='ocrx_word' id='word_1_47' title='bbox 252 1756 532 1826; x_wconf 75' lang='lat' dir='ltr'><strong>Hyblaeae</strong></span> <span class='ocrx_word' id='word_1_48' title='bbox 570 1755 767 1826; x_wconf 79' lang='lat' dir='ltr'><strong>segetiS</strong></span> <span class='ocrx_word' id='word_1_49' title='bbox 807 1756 1042 1809; x_wconf 80' lang='lat' dir='ltr'><strong>carmine</strong></span> <span class='ocrx_word' id='word_1_50' title='bbox 1081 1756 1379 1811; x_wconf 78' lang='lat' dir='ltr'><strong>dulcisono.</strong></span> 
     </span>
     <span class='ocr_line' id='line_1_13' title="bbox 107 1848 1601 1924; baseline 0.003 -24"><span class='ocrx_word' id='word_1_51' title='bbox 107 1849 400 1902; x_wconf 79' lang='lat' dir='ltr'><strong>Barbaries</strong></span> <span class='ocrx_word' id='word_1_52' title='bbox 440 1848 708 1902; x_wconf 87' lang='lat' dir='ltr'><strong>Germana</strong></span> <span class='ocrx_word' id='word_1_53' title='bbox 747 1849 840 1902; x_wconf 87' lang='lat' dir='ltr'><strong>sed</strong></span> <span class='ocrx_word' id='word_1_54' title='bbox 879 1850 1022 1903; x_wconf 90' lang='lat' dir='ltr'><strong>hunc</strong></span> <span class='ocrx_word' id='word_1_55' title='bbox 1059 1851 1300 1922; x_wconf 70' lang='lat' dir='ltr'><strong>neglexit</strong></span> <span class='ocrx_word' id='word_1_56' title='bbox 1337 1851 1601 1924; x_wconf 73' lang='lat' dir='ltr'><strong>agellum,</strong></span> 
     </span>
     <span class='ocr_line' id='line_1_14' title="bbox 253 1941 1412 2015; baseline 0.003 -21"><span class='ocrx_word' id='word_1_57' title='bbox 253 1944 434 2013; x_wconf 71' lang='lat' dir='ltr'><strong>Atque</strong></span> <span class='ocrx_word' id='word_1_58' title='bbox 474 1941 567 1993; x_wconf 87' lang='lat' dir='ltr'><strong>diu</strong></span> <span class='ocrx_word' id='word_1_59' title='bbox 605 1961 758 2015; x_wconf 88' lang='lat' dir='ltr'><strong>passa</strong></span> <span class='ocrx_word' id='word_1_60' title='bbox 797 1951 876 1994; x_wconf 89' lang='lat' dir='ltr'><strong>est</strong></span> <span class='ocrx_word' id='word_1_61' title='bbox 915 1942 1195 1996; x_wconf 86' lang='lat' dir='ltr'><strong>delituisse</strong></span> <span class='ocrx_word' id='word_1_62' title='bbox 1233 1945 1412 1998; x_wconf 83' lang='lat' dir='ltr'><strong>nimis.</strong></span> 
     </span>
     <span class='ocr_line' id='line_1_15' title="bbox 106 2035 1497 2092; baseline 0.002 -4"><span class='ocrx_word' id='word_1_63' title='bbox 106 2036 213 2088; x_wconf 81' lang='lat' dir='ltr'><strong>Ast</strong></span> <span class='ocrx_word' id='word_1_64' title='bbox 255 2035 350 2087; x_wconf 88' lang='lat' dir='ltr'><strong>ubi</strong></span> <span class='ocrx_word' id='word_1_65' title='bbox 391 2035 457 2088; x_wconf 88' lang='lat' dir='ltr'><strong>de</strong></span> <span class='ocrx_word' id='word_1_66' title='bbox 496 2035 681 2089; x_wconf 80' lang='lat' dir='ltr'><strong>Graiis</strong></span> <span class='ocrx_word' id='word_1_67' title='bbox 719 2035 942 2089; x_wconf 82' lang='lat' dir='ltr'><strong>veniens</strong></span> <span class='ocrx_word' id='word_1_68' title='bbox 979 2037 1047 2088; x_wconf 85' lang='lat' dir='ltr'><strong>ad</strong></span> <span class='ocrx_word' id='word_1_69' title='bbox 1086 2037 1330 2091; x_wconf 83' lang='lat' dir='ltr'><strong>Tibridis</strong></span> <span class='ocrx_word' id='word_1_70' title='bbox 1376 2058 1497 2092; x_wconf 88' lang='lat' dir='ltr'><strong>oras</strong></span> 
     </span>
     <span class='ocr_line' id='line_1_16' title="bbox 250 2129 1533 2200; baseline 0.003 -20"><span class='ocrx_word' id='word_1_71' title='bbox 250 2129 342 2181; x_wconf 83' lang='lat' dir='ltr'><strong>Ad</strong></span> <span class='ocrx_word' id='word_1_72' title='bbox 380 2138 590 2181; x_wconf 89' lang='lat' dir='ltr'><strong>nostras</strong></span> <span class='ocrx_word' id='word_1_73' title='bbox 629 2129 844 2181; x_wconf 82' lang='lat' dir='ltr'><strong>tandem</strong></span> <span class='ocrx_word' id='word_1_74' title='bbox 883 2130 1037 2182; x_wconf 89' lang='lat' dir='ltr'><strong>docta</strong></span> <span class='ocrx_word' id='word_1_75' title='bbox 1075 2130 1323 2185; x_wconf 78' lang='lat' dir='ltr'><strong>Minerva</strong></span> <span class='ocrx_word' id='word_1_76' title='bbox 1359 2132 1533 2200; x_wconf 78' lang='lat' dir='ltr'><strong>redit,</strong></span> 
     </span>
     <span class='ocr_line' id='line_1_17' title="bbox 107 2220 1678 2292; baseline 0.004 -19"><span class='ocrx_word' id='word_1_77' title='bbox 107 2220 366 2292; x_wconf 76' lang='lat' dir='ltr'>Frigidus</span> <span class='ocrx_word' id='word_1_78' title='bbox 406 2230 457 2273; x_wconf 85' lang='lat' dir='ltr'><strong>et</strong></span> <span class='ocrx_word' id='word_1_79' title='bbox 493 2221 776 2274; x_wconf 85' lang='lat' dir='ltr'>Phoebum</span> <span class='ocrx_word' id='word_1_80' title='bbox 815 2223 1040 2275; x_wconf 82' lang='lat' dir='ltr'><strong>Rhenus</strong></span> <span class='ocrx_word' id='word_1_81' title='bbox 1079 2243 1223 2276; x_wconf 89' lang='lat' dir='ltr'><strong>nunc</strong></span> <span class='ocrx_word' id='word_1_82' title='bbox 1260 2224 1411 2277; x_wconf 90' lang='lat' dir='ltr'><strong>audit</strong></span> <span class='ocrx_word' id='word_1_83' title='bbox 1449 2234 1501 2277; x_wconf 90' lang='lat' dir='ltr'><strong>et</strong></span> <span class='ocrx_word' id='word_1_84' title='bbox 1537 2224 1678 2279; x_wconf 87' lang='lat' dir='ltr'><strong>Ister</strong></span> 
     </span>
     <span class='ocr_line' id='line_1_18' title="bbox 249 2313 1432 2387; baseline 0.002 -22"><span class='ocrx_word' id='word_1_85' title='bbox 249 2313 516 2366; x_wconf 84' lang='lat' dir='ltr'><strong>Aemulus</strong></span> <span class='ocrx_word' id='word_1_86' title='bbox 554 2314 791 2366; x_wconf 80' lang='lat' dir='ltr'><strong>Eurotae</strong></span> <span class='ocrx_word' id='word_1_87' title='bbox 829 2323 1117 2387; x_wconf 82' lang='lat' dir='ltr'><strong>concrepat</strong></span> <span class='ocrx_word' id='word_1_88' title='bbox 1153 2314 1432 2384; x_wconf 71' lang='lat' dir='ltr'><strong>Aonida53</strong></span> 
     </span>
     <span class='ocr_line' id='line_1_19' title="bbox 105 2405 1669 2480; baseline 0.003 -22"><span class='ocrx_word' id='word_1_89' title='bbox 105 2406 377 2458; x_wconf 84' lang='lat' dir='ltr'><strong>Hortulus</strong></span> <span class='ocrx_word' id='word_1_90' title='bbox 414 2406 502 2458; x_wconf 81' lang='lat' dir='ltr'><strong>hie</strong></span> <span class='ocrx_word' id='word_1_91' title='bbox 540 2405 736 2457; x_wconf 85' lang='lat' dir='ltr'><strong>iterum</strong></span> <span class='ocrx_word' id='word_1_92' title='bbox 775 2406 969 2477; x_wconf 66' lang='lat' dir='ltr'><strong>longae</strong></span> <span class='ocrx_word' id='word_1_93' title='bbox 1005 2415 1128 2479; x_wconf 87' lang='lat' dir='ltr'><strong>post</strong></span> <span class='ocrx_word' id='word_1_94' title='bbox 1165 2416 1407 2480; x_wconf 88' lang='lat' dir='ltr'><strong>tempora</strong></span> <span class='ocrx_word' id='word_1_95' title='bbox 1445 2409 1669 2462; x_wconf 81' lang='lat' dir='ltr'><strong>brumae</strong></span> 
     </span>
     <span class='ocr_line' id='line_1_20' title="bbox 249 2497 1536 2571; baseline 0.003 -20"><span class='ocrx_word' id='word_1_96' title='bbox 249 2497 445 2569; x_wconf 79' lang='lat' dir='ltr'><strong>Surgit</strong></span> <span class='ocrx_word' id='word_1_97' title='bbox 483 2498 791 2550; x_wconf 85' lang='lat' dir='ltr'><strong>odoriferae</strong></span> <span class='ocrx_word' id='word_1_98' title='bbox 827 2499 1053 2571; x_wconf 82' lang='lat' dir='ltr'><strong>pulcher</strong></span> <span class='ocrx_word' id='word_1_99' title='bbox 1090 2501 1297 2553; x_wconf 84' lang='lat' dir='ltr'><strong>honore</strong></span> <span class='ocrx_word' id='word_1_100' title='bbox 1338 2521 1536 2555; x_wconf 89' lang='lat' dir='ltr'><strong>comae.</strong></span> 
     </span>
     <span class='ocr_line' id='line_1_21' title="bbox 107 2592 1676 2670; baseline 0.002 -24"><span class='ocrx_word' id='word_1_101' title='bbox 107 2592 380 2650; x_wconf 78' lang='lat' dir='ltr'><strong>Incinctae</strong></span> <span class='ocrx_word' id='word_1_102' title='bbox 417 2592 594 2646; x_wconf 78' lang='lat' dir='ltr'><strong>viden’</strong></span> <span class='ocrx_word' id='word_1_103' title='bbox 632 2601 691 2644; x_wconf 86' lang='lat' dir='ltr'><strong>ut</strong></span> <span class='ocrx_word' id='word_1_104' title='bbox 728 2592 950 2646; x_wconf 79' lang='lat' dir='ltr'><strong>calathis</strong></span> <span class='ocrx_word' id='word_1_105' title='bbox 989 2614 1088 2666; x_wconf 84' lang='lat' dir='ltr'><strong>per</strong></span> <span class='ocrx_word' id='word_1_106' title='bbox 1125 2594 1369 2666; x_wconf 74' lang='lat' dir='ltr'><strong>gramina</strong></span> <span class='ocrx_word' id='word_1_107' title='bbox 1408 2597 1676 2670; x_wconf 72' lang='lat' dir='ltr'><strong>nymphae</strong></span> 
     </span>
     <span class='ocr_line' id='line_1_22' title="bbox 247 2685 1537 2761; baseline 0.003 -23"><span class='ocrx_word' id='word_1_108' title='bbox 247 2686 425 2754; x_wconf 76' lang='lat' dir='ltr'><strong>Alba,</strong></span> <span class='ocrx_word' id='word_1_109' title='bbox 467 2706 564 2739; x_wconf 88' lang='lat' dir='ltr'><strong>suo</strong></span> <span class='ocrx_word' id='word_1_110' title='bbox 609 2685 801 2740; x_wconf 81' lang='lat' dir='ltr'><strong>Stabio</strong></span> <span class='ocrx_word' id='word_1_111' title='bbox 841 2696 1017 2758; x_wconf 77' lang='lat' dir='ltr'><strong>grata,</strong></span> <span class='ocrx_word' id='word_1_112' title='bbox 1056 2688 1283 2759; x_wconf 79' lang='lat' dir='ltr'><strong>ligustra</strong></span> <span class='ocrx_word' id='word_1_113' title='bbox 1321 2689 1537 2761; x_wconf 77' lang='lat' dir='ltr'><strong>legunt,</strong></span> 
     </span>
     <span class='ocr_line' id='line_1_23' title="bbox 106 2779 1550 2853; baseline 0.002 -22"><span class='ocrx_word' id='word_1_114' title='bbox 106 2779 473 2851; x_wconf 82' lang='lat' dir='ltr'><strong>Inprimisquc</strong></span> <span class='ocrx_word' id='word_1_115' title='bbox 509 2779 686 2851; x_wconf 76' lang='lat' dir='ltr'><strong>Aegle</strong></span> <span class='ocrx_word' id='word_1_116' title='bbox 726 2800 783 2833; x_wconf 90' lang='lat' dir='ltr'><strong>sc</strong></span> <span class='ocrx_word' id='word_1_117' title='bbox 821 2781 975 2853; x_wconf 85' lang='lat' dir='ltr'><strong>plura</strong></span> <span class='ocrx_word' id='word_1_118' title='bbox 1012 2782 1242 2852; x_wconf 75' lang='lat' dir='ltr'><strong>legendo</strong></span> <span class='ocrx_word' id='word_1_119' title='bbox 1285 2782 1550 2851; x_wconf 74' lang='lat' dir='ltr'><strong>fatigans,</strong></span> 
     </span>
     <span class='ocr_line' id='line_1_24' title="bbox 252 2871 1470 2946; baseline 0.001 -22"><span class='ocrx_word' id='word_1_120' title='bbox 252 2872 429 2941; x_wconf 79' lang='lat' dir='ltr'><strong>Aegle</strong></span> <span class='ocrx_word' id='word_1_121' title='bbox 463 2871 720 2926; x_wconf 75' lang='lat' dir='ltr'><strong>Narcisso</strong></span> <span class='ocrx_word' id='word_1_122' title='bbox 758 2873 1039 2946; x_wconf 63' lang='lat' dir='ltr'><strong>pulchrior</strong></span> <span class='ocrx_word' id='word_1_123' title='bbox 1077 2883 1236 2946; x_wconf 80' lang='lat' dir='ltr'><strong>atquc</strong></span> <span class='ocrx_word' id='word_1_124' title='bbox 1272 2872 1470 2941; x_wconf 62' lang='lat' dir='ltr'><strong>Rosss,</strong></span> 
     </span>
     <span class='ocr_line' id='line_1_25' title="bbox 108 2964 1528 3040; baseline 0.001 -22"><span class='ocrx_word' id='word_1_125' title='bbox 108 2964 253 3018; x_wconf 81' lang='lat' dir='ltr'><strong>Lilia</strong></span> <span class='ocrx_word' id='word_1_126' title='bbox 291 2984 390 3036; x_wconf 88' lang='lat' dir='ltr'><strong>pro</strong></span> <span class='ocrx_word' id='word_1_127' title='bbox 428 2965 580 3017; x_wconf 88' lang='lat' dir='ltr'><strong>lauro</strong></span> <span class='ocrx_word' id='word_1_128' title='bbox 620 2966 785 3033; x_wconf 76' lang='lat' dir='ltr'><strong>Tibi,</strong></span> <span class='ocrx_word' id='word_1_129' title='bbox 824 2967 1072 3020; x_wconf 81' lang='lat' dir='ltr'><strong>Caesaris</strong></span> <span class='ocrx_word' id='word_1_130' title='bbox 1110 2967 1310 3040; x_wconf 87' lang='lat' dir='ltr'><strong>optime</strong></span> <span class='ocrx_word' id='word_1_131' title='bbox 1349 2976 1528 3034; x_wconf 82' lang='lat' dir='ltr'><strong>vates,</strong></span> 
     </span>
     <span class='ocr_line' id='line_1_26' title="bbox 251 3056 1500 3132; baseline 0 -21"><span class='ocrx_word' id='word_1_132' title='bbox 251 3057 482 3128; x_wconf 83' lang='lat' dir='ltr'><strong>Colligit</strong></span> <span class='ocrx_word' id='word_1_133' title='bbox 521 3067 572 3110; x_wconf 89' lang='lat' dir='ltr'><strong>et</strong></span> <span class='ocrx_word' id='word_1_134' title='bbox 611 3056 801 3111; x_wconf 84' lang='lat' dir='ltr'><strong>Stahio</strong></span> <span class='ocrx_word' id='word_1_135' title='bbox 840 3059 1103 3131; x_wconf 88' lang='lat' dir='ltr'><strong>Delphica</strong></span> <span class='ocrx_word' id='word_1_136' title='bbox 1141 3068 1280 3111; x_wconf 85' lang='lat' dir='ltr'><strong>serta</strong></span> <span class='ocrx_word' id='word_1_137' title='bbox 1317 3058 1500 3132; x_wconf 82' lang='lat' dir='ltr'><strong>plicat.</strong></span> 
     </span>
     <span class='ocr_line' id='line_1_27' title="bbox 107 3149 1594 3222; baseline 0 -20"><span class='ocrx_word' id='word_1_138' title='bbox 107 3149 286 3221; x_wconf 70' lang='lat' dir='ltr'><strong>Quem</strong></span> <span class='ocrx_word' id='word_1_139' title='bbox 323 3149 471 3204; x_wconf 90' lang='lat' dir='ltr'><strong>iuvat</strong></span> <span class='ocrx_word' id='word_1_140' title='bbox 507 3150 785 3202; x_wconf 73' lang='lat' dir='ltr'><strong>hol-tenses</strong></span> <span class='ocrx_word' id='word_1_141' title='bbox 821 3149 993 3221; x_wconf 78' lang='lat' dir='ltr'><strong>igitur</strong></span> <span class='ocrx_word' id='word_1_142' title='bbox 1031 3150 1319 3222; x_wconf 84' lang='lat' dir='ltr'><strong>decerpere</strong></span> <span class='ocrx_word' id='word_1_143' title='bbox 1358 3150 1594 3218; x_wconf 79' lang='lat' dir='ltr'><strong>fructus,</strong></span> 
     </span>
     <span class='ocr_line' id='line_1_28' title="bbox 251 3241 1577 3325; baseline 0 -29"><span class='ocrx_word' id='word_1_144' title='bbox 251 3242 378 3296; x_wconf 91' lang='lat' dir='ltr'><strong>Huc</strong></span> <span class='ocrx_word' id='word_1_145' title='bbox 415 3241 575 3310; x_wconf 60' lang='lat' dir='ltr'><strong>21ch,</strong></span> <span class='ocrx_word' id='word_1_146' title='bbox 612 3263 679 3297; x_wconf 86' lang='lat' dir='ltr'><strong>en</strong></span> <span class='ocrx_word' id='word_1_147' title='bbox 715 3242 898 3297; x_wconf 87' lang='lat' dir='ltr'><strong>dulces</strong></span> <span class='ocrx_word' id='word_1_148' title='bbox 934 3242 1038 3296; x_wconf 86' lang='lat' dir='ltr'><strong>iste</strong></span> <span class='ocrx_word' id='word_1_149' title='bbox 1073 3241 1296 3296; x_wconf 86' lang='lat' dir='ltr'><strong>libellus</strong></span> <span class='ocrx_word' id='word_1_150' title='bbox 1332 3242 1504 3296; x_wconf 84' lang='lat' dir='ltr'><strong>hahet.</strong></span> <span class='ocrx_word' id='word_1_151' title='bbox 1564 3314 1577 3325; x_wconf 30' lang='lat' dir='ltr'><em>r</em></span> 
     </span>
    </p>
   </div>
  </div>
 </body>
</html>
