2153 3661
168 151 301 214 4012

307 314 593 373 confortat
631 309 957 365 stomachum
995 325 1230 359 morsum
1268 306 1413 360 iuvat
1451 316 1606 378 atque
1643 327 1922 363 venenum.

303 409 444 462 Cum
483 406 695 475 myrrha
734 400 959 452 mixtum
997 399 1283 451 mulierum
1321 409 1588 451 menstrua
1625 410 1847 471 purgat,

303 501 374 552 Et
412 498 486 549 sic
524 494 766 547 cadivam
804 501 982 564 potata
1021 491 1157 542 solet
1195 490 1473 543 medicare.

725 653 885 706 V111.
959 651 1001 705 S
1022 650 1451 706 ALIUNCA.

300 790 363 844 In
401 787 593 861 primis
632 785 803 838 siccae
842 785 1100 856 gradihus
1138 805 1261 837 nam
1300 794 1422 837 sunt
1460 784 1780 852 Salhmcac,

298 881 499 951 Frigus
537 880 711 932 inesse
749 878 920 949 gradu
958 886 1202 930 narratur
1239 896 1428 948 nempe
1467 877 1716 928 secundo.

299 972 544 1041 Aegi-oto
584 970 747 1041 capiti
785 979 1024 1022 removet
1060 968 1250 1039 procul
1287 969 1378 1019 illa
1415 968 1649 1032 calores,

298 1064 541 1116 Auribus
579 1062 789 1112 infusus
828 1059 1036 1112 sanabit
1073 1058 1294 1111 vulnera
1332 1078 1537 1110 succus.

301 1154 506 1207 Cortex
543 1161 661 1204 usta
699 1151 846 1205 iuvat
885 1159 937 1202 ct
976 1158 1123 1202 aceto
1161 1149 1325 1201 mixta
1365 1150 1609 1202 medetur

299 1246 601 1310 Vel-ruetis,
643 1243 839 1314 quibus
879 1251 958 1294 est
995 1250 1180 1293 auctor
1218 1241 1479 1294 Galicnus
1519 1249 1570 1293 et
1609 1240 1737 1293 item

299 1335 437 1389 Cum
477 1335 669 1386 florent
705 1334 895 1386 salices
934 1333 979 1385 si
1021 1334 1216 1384 cortice
1254 1342 1379 1384 tunc
1418 1333 1752 1403 spoliantur,

301 1426 626 1480 Confertant
664 1424 847 1476 oculos
887 1424 1153 1488 desectos,
1192 1423 1316 1474 dant
1354 1423 1606 1474 meliores

301 1517 594 1569 Pomorum
631 1534 820 1567 succus
860 1524 911 1566 et
953 1513 1233 1566 frondincs
1272 1512 1593 1579 Saliuneac,

304 1608 529 1659 Potatus
566 1615 708 1660 vetat
745 1605 834 1657 hic
872 1614 1054 1676 partus
1093 1605 1418 1675 stringitque
1456 1613 1658 1655 meatus

304 1696 603 1768 Sanguinis
643 1705 695 1749 et
731 1714 859 1751 vcra
896 1703 1019 1747 sunt
1058 1695 1235 1746 omnia
1272 1715 1499 1767 namque
1537 1693 1776 1767 probata.

685 1861 783 1915 lx,
856 1858 1506 1916 SARCOCOLLA.

307 1996 619 2052 Sareocolla
657 1995 791 2046 calet
830 1994 986 2045 etiam
1025 1995 1084 2044 fit
1122 1994 1258 2045 sicca
1296 1993 1550 2065 probata,

307 2089 545 2142 Interius
584 2086 801 2139 morbos
839 2094 988 2138 curat
1027 2105 1230 2137 summa
1269 2086 1641 2159 exteriusque,

305 2181 596 2232 Viscosum
633 2179 823 2248 flegma
863 2177 1042 2242 iuvat,
1079 2176 1330 2228 arteticos
1369 2198 1582 2249 quoque
1622 2188 1785 2232 sanat.

304 2270 569 2326 Sciaticos
608 2269 769 2321 simul
808 2270 936 2321 haec
975 2268 1148 2321 oculis
1189 2268 1542 2322 medicabitur
1580 2271 1731 2339 udis,

307 2362 665 2434 Ophthalmos
703 2369 885 2426 curat,
924 2360 1202 2413 oculorum
1240 2365 1451 2435 pustula
1492 2366 1632 2418 cedit

307 2452 441 2504 Eius
478 2451 707 2517 virtute,
747 2451 977 2504 maculas
1018 2452 1083 2504 de
1122 2473 1347 2527 corpore
1385 2457 1567 2522 tollit,

308 2542 394 2597 Dc
433 2542 573 2595 collo
612 2542 865 2612 scrophas
902 2546 1190 2610 ung-uentis
1229 2549 1391 2599 mixta
1430 2549 1655 2617 fugabit.

772 2724 840 2776 X.
914 2722 1438 2782 SAMBUCUS.

312 2859 455 2914 Sunt
492 2858 747 2929 gradibus
783 2859 974 2931 primis
1014 2859 1144 2912 sicci
1183 2861 1453 2934 calidique
1491 2864 1739 2918 secundis

313 2950 598 3017 Samhuci‚
634 2961 857 3023 possunt
894 2960 1192 3006 contractos
1229 2952 1440 3007 solvere
1477 2974 1670 3010 nervos

285 3238 424 3282 vul.
453 3238 722 3283 Rantzovius
752 3255 850 3295 pag.
883 3242 963 3289 76.
997 3263 1053 3276 ·-
1081 3242 1171 3290 lx.
1203 3245 1339 3302 Apul.
1371 3245 1482 3300 Cap.
1517 3244 1697 3288 XXXI.
