2153 3661
108 265 272 336 Quod
310 263 445 318 facis
483 264 542 317 in
578 263 841 337 populum
878 264 1025 318 claro
1064 263 1359 337 procedere
1395 264 1585 332 vultu>

251 357 364 428 Qui
404 356 547 409 carie
586 357 846 410 obscurus
884 357 1094 411 vixerat
1130 365 1250 412 ante
1289 356 1399 409 diu.

109 448 335 504 Scilicet
371 449 428 502 in
466 450 662 521 longos
700 450 747 503 si
784 449 963 521 gloria
1003 449 1219 503 ducitur
1255 469 1421 503 annos
1444 488 1461 516 9

249 542 561 596 Priscorum
597 543 657 595 in
694 543 870 597 lucem
910 542 1003 616 qui
1041 552 1387 597 monumenta
1426 542 1662 609 dahunt9

110 636 195 689 Tc
229 646 480 690 maneant
514 636 705 689 merito
743 636 895 708 iugis
926 636 1018 710 pia
1054 637 1293 710 praemia
1330 635 1539 703 laudis,

249 728 365 784 Nec
401 729 614 798 rapiant
650 748 847 781 nomen
884 730 1057 782 saecla
1097 730 1279 783 futura
1316 730 1509 783 Tuum.

996 926 1110 984 ΠΙ.

107 1070 233 1126 Non
271 1090 457 1124 manus
497 1071 734 1125 excoluit
769 1070 940 1126 violas
977 1069 1212 1141 Aegleia
1248 1078 1456 1124 tantum
1478 1110 1497 1139 ,

250 1163 366 1216 Nec
406 1163 545 1218 fovit
581 1164 783 1218 virides
822 1165 1192 1237 Hesper-emsa
1231 1183 1443 1230 comas,

109 1257 236 1310 Non
275 1257 546 1310 Ilei-etusa
587 1258 806 1330 quidem
843 1258 1007 1310 tantis
1048 1257 1192 1308 dedit
1229 1257 1419 1309 usibus
1458 1264 1644 1324 artus,

250 1351 398 1403 Dum
433 1344 642 1423 legeret
680 1352 894 1425 cupidis
933 1372 1093 1404 aurea
1131 1352 1269 1405 mala
1305 1352 1488 1422 volis,

108 1442 225 1496 Nec
265 1443 356 1514 qui
396 1444 689 1497 Phaenicei
726 1444 900 1497 tenuit
936 1445 1167 1517 palmeta
1197 1445 1396 1500 viroris

252 1536 537 1603 Herodes,
574 1537 720 1589 ruris
758 1545 937 1589 tantus
975 1536 1035 1588 in
1074 1545 1186 1588 arte
1226 1537 1365 1605 fuit3

110 1627 358 1701 Quantus
396 1629 489 1701 qui
527 1630 710 1683 Paesti
749 1638 967 1703 superat
1004 1629 1262 1683 viridaria
1302 1628 1566 1699 Sti-abus,¹

252 1720 474 1795 Quique
512 1723 620 1777 Dei
659 1723 868 1790 cultor,
907 1723 1082 1776 cultor
1121 1731 1172 1775 et
1211 1723 1438 1776 areolae.

107 1814 350 1868 Auditor
392 1812 657 1884 quondam
693 1811 908 1865 Rabani
948 1811 1265 1882 cognomine
1302 1812 1514 1882 Mauri,

253 1904 552 1959 Coniunxit
588 1903 774 1956 Musae
814 1904 1060 1975 dogmata
1099 1914 1277 1959 sancta
1316 1926 1461 1958 suae.

109 1999 366 2054 Carmine
406 1996 720 2069 dulciloquo
759 1996 901 2050 viret
939 1997 1029 2050 hie
1070 2018 1229 2070 quem
1269 1997 1510 2051 condidit
1546 1998 1768 2068 hortus,

252 2091 466 2142 Nomen
505 2100 558 2141 et
595 2098 867 2161 exspectat
905 2091 1116 2143 saecula
1154 2091 1320 2143 multa
1360 2111 1531 2143 suum.

110 2184 177 2241 Si
215 2183 383 2255 legis⁷
421 2202 487 2235 en
524 2191 737 2255 praesto
777 2191 857 2235 est
895 2203 1030 2255 quae
1068 2183 1136 2236 sit
1172 2203 1283 2236 non
1324 2183 1452 2238 vilis
1491 2183 1549 2236 in
1586 2184 1770 2240 herbis

252 2275 479 2342 Virtus,
519 2295 653 2347 quae
690 2275 867 2327 morbi
906 2295 1148 2347 quaeque
1185 2275 1393 2327 medela
1432 2275 1652 2346 gravis,

111 2371 183 2426 Et
219 2369 370 2424 tenui
409 2369 503 2431 [ad
540 2374 830 2430 summum]
869 2367 1041 2420 lector
1080 2367 1340 2439 facilique
1377 2367 1571 2422 libello

256 2465 528 2536 Perpetua
566 2461 793 2532 dignum
829 2461 990 2514 laude
1025 2460 1236 2535 paravit
1275 2481 1425 2534 opuS.

328 2682 397 2718 τ-τ
434 2654 568 2711 Vita
603 2655 883 2710 hominum
921 2654 1134 2710 duratio
1171 2674 1326 2709 rosae
1363 2681 1432 2691 -

1901 79 2053 157 11‘
