2153 3661
151 171 231 231 18

121 336 267 386 -1223
313 334 504 386 Ardua
542 331 843 404 porticuum
881 327 1089 382 volucri
1127 345 1380 397 superare
1417 339 1612 381 natatu.

307 426 431 475 «Iam
471 423 589 492 quis
627 440 779 491 poma
820 428 976 488 queat
1016 417 1178 468 ramis
1215 417 1499 487 pendentia
1539 418 1734 488 passim

307 514 496 567 Mirari
536 513 723 580 digne!
763 530 894 581 quac
932 530 1039 560 non
1079 510 1254 560 minus
1291 509 1529 578 undique
1568 511 1725 559 certis

308 606 447 656 Sunt
487 605 710 653 lormata
749 601 882 666 viis,
921 621 1076 671 quam
1115 601 1162 652 si
1205 600 1449 651 tornatile
1486 599 1697 668 lignum

305 694 569 764 Inspicias
608 693 782 744 medio
814 712 990 742 rasum
1032 691 1172 761 quod
1212 691 1537 761 Mymplnure
1575 699 1794 742 constat.

157 785 269 836 150
309 785 411 835 Illa
447 784 666 854 quidem
706 782 894 852 gracili
929 782 1167 853 primum
1205 781 1464 832 demissae
1501 781 1717 850 flagello

306 875 561 944 Oblongo
599 874 854 944 tenuique
894 875 1074 923 ferunt
1112 872 1348 942 inge-ntia
1389 873 1531 923 collo

308 964 583 1036 Corpora,
623 975 732 1016 tum
773 973 979 1018 vastum
1016 965 1223 1015 laxatur
1262 964 1318 1014 in
1357 963 1452 1015 ilia
1489 963 1738 1034 pondus,

309 1056 502 1106 Totum
542 1066 726 1107 venter
765 1055 951 1119 habet,
990 1064 1159 1105 totum
1198 1055 1376 1117 alvus,
1416 1064 1467 1105 et
1505 1054 1646 1104 intus
1686 1054 1902 1103 aluntur

311 1144 479 1195 Multa
517 1161 808 1194 cavernoso
847 1142 1129 1192 seiunctim
1171 1161 1382 1191 earcere
1417 1161 1615 1210 grana,
1647 1144 1652 1149 ’

158 1235 272 1284 155
312 1233 464 1302 Quae
502 1233 598 1283 tibi
638 1232 969 1284 consimilem
1008 1241 1231 1303 possunt
1267 1232 1582 1302 promittere
1620 1248 1862 1283 messem.

311 1326 464 1395 Ipsos
503 1324 636 1394 quin
675 1324 833 1375 ctiam
871 1324 1042 1375 teneri
1081 1325 1180 1375 sub
1221 1333 1461 1394 tempore
1503 1325 1741 1388 fruetus,

309 1416 456 1467 Ante
493 1416 684 1466 humor
723 1434 882 1486 quam
919 1415 1096 1465 clausa
1133 1415 1302 1465 latens
1341 1434 1438 1485 per
1476 1398 1681 1466 viscera
1716 1432 1839 1465 sero

311 1506 606 1557 Auctumni
646 1506 876 1558 adventu
913 1513 1146 1557 rarescat
1185 1514 1237 1556 et
1269 1504 1425 1556 arida
1463 1504 1669 1557 circum

312 1596 596 1648 Restiterit
632 1596 802 1661 cutis,
837 1595 979 1646 inter
1015 1614 1145 1666 opes
1184 1595 1415 1645 transire
1448 1595 1700 1644 ciborum

160 1687 278 1740 140
316 1687 488 1759 Saepe
525 1687 763 1741 videmus
797 1695 854 1738 ct
890 1686 1098 1737 ardenti
1137 1685 1402 1754 sartagine
1439 1684 1697 1756 pinguem

315 1779 640 1832 Combibcrc
678 1778 946 1844 arvinam,
984 1787 1036 1829 ct
1075 1777 1342 1848 placidum
1379 1788 1649 1845 segmenta
1688 1794 1932 1848 saporem

316 1869 484 1922 Ebria
521 1870 789 1920 multoties
827 1869 1025 1921 mensis
1063 1877 1334 1941 Praestare
1373 1867 1637 1919 secundis.

317 1953 381 2005 Si
420 1973 547 2006 vero
587 1952 773 2005 aestivi
813 1952 1007 2004 sinitur
1045 1951 1332 2023 spiramina
1371 1950 1499 2001 solis

320 2036 457 2087 Cum
492 2035 756 2104 genitrice
792 2035 904 2106 pati
940 2044 994 2086 et
1030 2043 1234 2085 matura
1273 2033 1411 2085 salec
1448 2032 1658 2100 recidi,

163 2119 276 2170 145
313 2120 461 2170 Idem
502 2120 672 2170 faetus
711 2119 768 2170 in
805 2119 1049 2171 assiduos
1088 2118 1373 2169 formarier
1413 2137 1539 2167 usus

317 2204 585 2262 vasorum
622 2209 849 2281 poterit,
887 2219 1036 2262 vasto
1075 2209 1198 2260 dum
1235 2209 1438 2262 viscera
1476 2217 1662 2263 ventre

315 2301 628 2371 Egel-imm,
667 2300 818 2353 facili
854 2301 1103 2354 rodentes
1141 2300 1239 2352 ilia
1273 2308 1448 2352 torno.

279 2560 392 2600 125.
424 2560 573 2599 Meatu
600 2561 767 2601 Glossa
797 2562 915 2617 apud
946 2564 1092 2606 Canis.
1137 2585 1173 2592 --
1224 2563 1336 2606 129.
1368 2565 1573 2606 Mansure
1602 2564 1708 2604 Nor.
1753 2563 1806 2603 In
1835 2566 2030 2620 margine

161 2630 279 2670 Mon.
312 2629 531 2677 „Mamsur
562 2634 625 2668 est
655 2630 794 2669 lorum
823 2633 1122 2673 tornatoribus
1169 2639 1341 2689 aptum,
1391 2636 1508 2689 quod
1546 2634 1615 2673 hic
1648 2649 1728 2687 pro
1760 2635 1855 2690 ipso
1888 2636 2030 2677 fulcro

160 2698 386 2754 ponitur.“
430 2717 483 2723 -
528 2701 764 2755 Mymphur
805 2707 869 2741 cst
912 2704 1080 2756 lignum
1123 2706 1356 2746 mediocris
1399 2704 1718 2759 longitudinis,
1769 2705 2028 2753 rotundum,

162 2770 277 2826 quod
337 2770 429 2810 loro
479 2770 840 2813 circumvolutum
901 2775 1016 2815 fabri
1079 2778 1379 2829 circumagunt
1440 2779 1486 2816 in
1538 2773 1743 2829 operibus
1794 2775 2030 2814 tornandis.

163 2840 410 2893 calepinus,
439 2859 500 2870 -·-
533 2841 644 2884 155.
676 2843 733 2886 V.
767 2843 1035 2894 Columella,
1077 2845 1134 2888 R.
1165 2845 1221 2888 R.
1255 2845 1311 2885 X.
1344 2844 1459 2886 581.
1506 2864 1559 2870 —-
1604 2841 1717 2884 156.
1749 2843 1868 2897 Ipsis
1902 2844 2029 2883 Vien.

165 2907 319 2949 Choul.
352 2909 448 2962 ipsa
479 2914 583 2962 qu'in
615 2912 766 2955 Barth.
797 2935 852 2942 —
887 2913 1000 2955 157.
1032 2914 1191 2955 Latent
1221 2915 1320 2955 F'rc.
1342 2933 1399 2942 ·-
1424 2912 1536 2956 159.
1569 2913 1742 2953 Plinius
1774 2912 1893 2955 Hist.
1928 2912 2030 2955 Nat..

165 2975 296 3016 xlx,
341 2976 385 3017 5.
415 2977 484 3018 De
516 2977 754 3020 conditura
782 2981 1122 3023 cucurbitarum
1149 2983 1238 3024 vid.
1272 2984 1443 3025 Caelius
1473 2983 1665 3040 Apicius
1696 2988 1777 3025 art.
1810 2982 2029 3036 eoquinar.

164 3046 254 3085 ΙΙΙ.
292 3045 340 3089 4.
393 3067 438 3075 *-
490 3047 589 3088 140
620 3049 804 3105 Sartago
845 3056 911 3092 est
941 3052 1131 3107 patella,
1182 3054 1226 3093 in
1276 3067 1362 3108 qua
1392 3067 1493 3095 caro
1524 3054 1707 3107 frigitur
1734 3050 1854 3095 Plin.
1885 3052 1944 3091 H.
1973 3050 2029 3093 Ν.

168 3115 296 3174 JKVI.
344 3117 422 3158 11.
469 3137 524 3146 -·
574 3117 688 3162 141.
731 3123 916 3164 Urinam
958 3123 1060 3167 Fre.
1098 3123 1329 3164 Secmcnta
1370 3124 1489 3167 Mon.
1529 3122 1701 3163 Arvina
1742 3122 1772 3164 i.
1805 3137 1846 3176 q.
1879 3122 2029 3174 adep}-

167 3185 293 3239 Vh‘t'ss·
323 3187 511 3232 Aeneid.
544 3189 648 3231 VII.
680 3190 794 3233 62⁷.
836 3215 890 3222 ——
927 3193 1041 3236 147.
1074 3193 1245 3234 Tornus
1267 3197 1342 3234 -est
1371 3194 1704 3233 instrumentum
1736 3191 1911 3241 fabrile,
1942 3203 2028 3243 quo

166 3254 284 3309 lig-na
317 3256 457 3307 polita
498 3258 749 3301 redduntur.
799 3259 924 3313 Virg-
957 3250 1121 3317 Georgi
1161 3261 1230 3304 ΙΙ.
1271 3259 1389 3304 449.
1425 3282 1478 3292 -
