2153 3661
114 150 195 208 10

102 314 296 365 Lector
333 313 407 364 ibi
445 324 612 364 mutas
653 312 856 384 pridem
895 310 1159 362 mirabere
1189 310 1391 374 Musas,

238 405 358 457 Non
396 407 527 456 rude
563 413 817 456 nostrates
855 422 994 453 nunc
1031 420 1281 452 resonare
1318 403 1515 466 melos„

99 496 494 564 Castalidcsqne
531 505 668 546 atros
707 514 811 544 uon
850 493 1084 545 devitare
1123 491 1395 556 cucullos,

238 586 373 636 Nam
412 586 569 637 cellas
608 584 733 636 colit
771 593 821 636 et
858 583 1049 636 Delius
1088 593 1235 634 antra
1272 582 1484 646 libens,

97 677 388 749 Pythffique
426 676 649 727 abdebat
685 675 920 726 tenebris
959 693 1074 725 sese
1112 682 1231 723 ante
1268 672 1576 736 sacerdos„

238 767 412 837 Quam
450 786 700 838 responsa
741 767 885 818 daret
927 765 1168 819 versibus
1206 763 1495 835 implicita,

97 857 247 928 Quin
282 858 494 909 latitans
532 857 741 909 nebulis
780 866 830 908 et
867 857 1090 927 rupibus
1128 856 1269 907 inter
1310 874 1472 926 opaca

237 951 400 1001 Vates
438 950 495 1001 fit
532 950 710 1001 Moses
748 949 898 1001 devia
936 948 1339 1019 grandiloquus.

96 1040 219 1093 Non
255 1040 419 1110 igitur
456 1040 682 1106 mirum,
719 1041 921 1104 fateor,
962 1039 1008 1090 si
1049 1039 1276 1092 Strabus
1314 1039 1372 1089 in
1410 1038 1624 1090 umbris-

238 1132 435 1182 lIausit
473 1132 607 1181 dona
646 1140 796 1201 pater
833 1131 956 1180 talia
997 1130 1359 1194 Castalidum,

96 1223 322 1294 Insuper
358 1222 620 1293 interpres
659 1221 858 1275 vivacis
895 1221 1138 1273 acumine
1176 1242 1363 1274 sensus

239 1313 474 1384 Utraque
513 1313 603 1384 qui
641 1313 792 1367 novit
827 1312 996 1364 biblia
1033 1311 1330 1384 perspicuo.

978 1538 1062 1593 H.

100 1676 786 1747 ARssooAsTUs
833 1641 1167 1747 swam}
1225 1654 1958 1748 GLARoNE’Nsis

240 1814 657 1867 VIENNAE
709 1812 1255 1867 PALAESTES
1312 1813 1798 1871 JOACHIMO

692 1905 866 1960 SUO
921 1905 1366 1959 VADIANO.

99 2046 245 2126 Abs
282 2073 361 2124 Tc
399 2094 559 2144 quum
597 2074 831 2143 legerem
871 2094 1042 2145 nuper
1076 2073 1408 2140 transmissa,
1444 2072 1720 2138 ‹Joaehim7

243 2165 497 2216 Paestana
535 2165 718 2218 Strabi
759 2167 898 2217 culta
934 2169 1102 2218 vireta
1138 2186 1333 2234 manu3

102 2256 311 2326 Dignus
349 2266 568 2328 uterque
606 2258 737 2309 mihi
776 2258 922 2310 visus
959 2267 1166 2328 gestare
1203 2278 1456 2324 coronas,

170 2366 181 2373 ”
242 2347 387 2417 Quas
425 2348 639 2401 Clarius
678 2348 868 2401 tribuit
905 2349 1110 2402 vatibus
1148 2350 1260 2421 ipse
1298 2349 1439 2414 suis,

103 2439 353 2509 Quasque
393 2440 561 2490 solent
603 2441 780 2492 faciles
818 2441 996 2511 pneris
1037 2442 1234 2492 donare
1269 2441 1515 2513 Napaeae

242 2528 526 2581 Contcxtas
563 2531 719 2582 violis
755 2532 1115 2602 puplii-eisque
1152 2532 1300 2583 rosis.

107 2619 333 2675 Strabus
373 2624 542 2689 enim,
580 2624 742 2676 fluido
782 2645 913 2695 quac
951 2625 1166 2696 scripsit
1203 2625 1440 2677 carmine
1481 2626 1749 2696 quondam

245 2715 549 2766 Herbarum
589 2715 760 2767 cultus
799 2735 988 2786 resque
1027 2716 1219 2787 Priape
1258 2725 1404 2783 tuas,

106 2805 344 2871 Crescit,
383 2816 433 2857 et
470 2806 800 2858 innumerum
838 2806 1017 2878 lepido
1056 2827 1140 2858 res
1179 2827 1341 2877 parva
1378 2807 1553 2859 nitore

246 2897 671 2968 Perpetuumque
711 2898 867 2950 decus
905 2898 1114 2970 reptilis
1153 2899 1312 2950 arbor
1349 2899 1522 2951 habet.

111 2988 352 3060 Dignus,
388 2987 591 3059 Apollo
629 2989 738 3041 suis
776 2990 1022 3042 manibus
1061 2991 1147 3043 cui
1185 3001 1423 3063 tempora
1460 2991 1640 3063 cingat
1681 3045 1685 3050 ,

249 3081 458 3145 Lauro,
495 3080 584 3132 cui
623 3080 805 3135 Musae
843 3092 982 3135 serta
1019 3092 1217 3136 sacrata
1254 3083 1442 3155 ligent.

109 3170 194 3223 Tu
232 3171 494 3237 sedenim,
529 3172 690 3243 longo
729 3175 882 3226 latuit
919 3174 1012 3246 qui
1048 3185 1304 3248 tempore,
1342 3185 1517 3230 vatem-

251 3262 631 3334 Dulciloquum
667 3283 819 3318 caeco
859 3284 1068 3319 carcere
1105 3267 1350 3320 destituis
1363 3304 1382 3333 7
