2153 3661
180 159 269 220 96

325 266 570 332 Dicitur,
608 265 719 337 ipsa
761 264 891 316 locis
929 261 1110 313 multis
1151 261 1293 313 nasci
1333 262 1680 333 perhibetur,

328 360 537 411 Blanda
578 377 766 420 mauu,
803 353 990 426 pulcra
1027 352 1176 419 visu,
1221 363 1380 422 gustu
1420 355 1511 404 sed
1551 375 1737 407 amara.

325 447 590 501 Articulis
629 446 788 498 laesis
826 454 988 497 uncto
1027 444 1308 497 coniuncta
1348 444 1615 508 medetur,

323 543 547 595 Petatus
584 558 776 591 succus
815 537 1019 592 ventris
1058 537 1244 590 sedare
1282 537 1521 588 dolorem

321 631 607 698 Nascitur,
645 650 706 683 ac
743 629 887 682 idem
925 629 1134 683 varium
1172 629 1372 680 fluxum
1411 628 1680 681 retinebit.

325 723 390 777 Si
428 723 635 776 bibitur
671 731 724 774 ct
761 722 807 774 si
851 722 1031 775 vultus
1069 721 1168 773 illo
1208 720 1466 787 liniatur,

323 812 571 883 Inguinis
609 812 738 863 bace
777 809 936 863 ctiam
974 808 1131 861 saciet
1169 828 1373 861 cessare
1413 808 1683 875 lurorcm,

328 902 392 957 Si
432 913 589 976 potus
627 902 787 955 binos
827 901 969 955 circa
1007 900 1254 972 trinoque
1292 899 1490 967 ciatOS‚

323 995 556 1066 Hocque
593 994 753 1046 modo
791 1013 1001 1045 morsus
1036 1001 1346 1063 serpentum
1384 1001 1532 1043 curat
1569 991 1770 1063 ubique
1783 1029 1802 1059 ,

328 1084 400 1136 Et
439 1084 798 1136 combusturis
836 1084 966 1134 haec
1003 1082 1144 1133 idem
1182 1101 1338 1153 saepe
1376 1081 1632 1133 medetur.

324 1175 477 1227 Haec
516 1175 718 1226 fluxum
756 1173 958 1227 ventris
997 1173 1194 1224 retinet
1233 1192 1352 1224 cum
1389 1175 1525 1225 lacte
1565 1173 1801 1245 caprino.

329 1265 537 1320 Succus
573 1266 846 1338 pulmonis
883 1263 1034 1318 vitiis
1073 1263 1378 1336 iccorisque
1415 1258 1705 1330 medetur,'

327 1363 466 1417 Cum
504 1364 632 1417 vino
671 1363 758 1416 vel
797 1382 934 1432 aqua
972 1381 1098 1412 mox
1137 1361 1351 1412 discutit
1391 1381 1546 1413 omne
1584 1381 1870 1429 vencnum,

324 1455 589 1506 Procurat
626 1472 782 1505 rencs
821 1452 1056 1523 limphae
1096 1450 1296 1505 calidae
1335 1451 1600 1519 sociatus,

326 1545 576 1600 Inflatum
613 1553 853 1598 ventrem
892 1551 1068 1609 sanat,
1107 1543 1348 1614 duroque
1386 1543 1630 1596 medetur

327 1637 493 1690 Istius
532 1636 712 1708 pulvis
750 1637 960 1689 modico
1003 1655 1124 1687 cum
1161 1637 1321 1688 melle
1359 1636 1575 1706 iugatus

327 1728 591 1782 Succuret
627 1728 776 1781 vitiis
816 1729 1034 1799 linguae
1072 1728 1297 1798 gulaeve
1336 1728 1561 1780 fricatis.

327 1820 628 1873 Pentafilon
666 1829 827 1873 uncto
866 1819 1034 1873 veteri
1074 1819 1346 1871 commista
1384 1819 1549 1870 suillo

321 1911 378 1964 A
416 1913 524 1964 sale
559 1920 788 1984 purgato
827 1911 994 1965 veteri
1032 1912 1154 1983 plus
1194 1932 1376 1984 sparsa
1414 1911 1648 1964 Falerno

323 2002 593 2055 Emumlat
632 2022 881 2053 cancrum
918 2003 1082 2053 scmcl
1122 2012 1210 2053 aut
1246 2003 1332 2054 bis
1370 2012 1520 2055 terve
1558 2012 1891 2074 perunctum.

325 2094 522 2148 Debile
561 2102 670 2148 tota
709 2103 867 2166 caput
904 2101 1053 2146 sanat
1091 2091 1321 2146 contrita
1357 2092 1585 2145 linitum.

890 2260 1056 2322 Car.
1119 2260 1359 2321 LXXI.

821 2382 938 2436 DE
987 2383 1426 2439 DIPTANO.

325 2496 632 2567 Diptannus
670 2495 897 2549 calidam
934 2507 1175 2550 naturam
1214 2499 1389 2550 fertur
1426 2497 1654 2567 habere,

326 2588 451 2659 Ipse
489 2587 677 2640 iuvare
715 2586 851 2638 solet
887 2587 1169 2639 mulierem
1205 2589 1618 2659 parturientem,

327 2678 533 2732 Succus
572 2697 692 2730 cum
729 2677 856 2732 vino
893 2678 1208 2732 coniunctus
1246 2679 1404 2750 pellit
1442 2679 1704 2731 abortum.

331 2769 396 2824 Si
436 2769 609 2822 febris
646 2769 861 2821 affuerit
899 2770 1104 2823 calidae
1143 2770 1457 2843 coniungito
1495 2771 1727 2844 limphae
1741 2809 1761 2839 9

327 2861 400 2914 Et
436 2860 552 2913 sine
591 2860 782 2913 damno
819 2880 945 2913 mox
981 2856 1273 2916 salvabitur
1311 2871 1469 2934 atque
1505 2864 1734 2936 periclo·

328 2952 437 3005 Hic
474 2953 615 3004 idem
652 2972 839 3005 succus
876 2954 1061 3025 plag-as
1099 2974 1282 3007 onmes
1320 2956 1424 3008 cito
1463 2965 1610 3009 sanat

328 3045 385 3096 A
425 3045 571 3096 terro
610 3045 775 3096 factas
813 3064 939 3096 saxo
953 3083 969 3112 ,
1008 3064 1169 3113 canc,
1209 3047 1383 3114 fuste,
1421 3047 1508 3102 vel
1546 3067 1717 3119 angue

328 3137 438 3187 Vel
476 3155 793 3208 quocunque
829 3138 988 3190 modo
1024 3147 1234 3211 potatus
1274 3140 1425 3191 fusus
1462 3147 1514 3192 ct
1550 3140 1693 3191 intro

334 3225 494 3297 Isque
533 3228 685 3298 fugat
722 3228 871 3283 virus
916 3250 1036 3285 eum
1072 3230 1200 3288 vino
1237 3231 1447 3304 saepius
1483 3232 1717 3284 haustus·
