2153 3661
172 185 390 243 adiecta
454 182 619 249 brevi
683 187 935 245 auctoris
1006 189 1210 246 notitia
1282 187 1533 246 literaria
1590 200 1648 247 et
1714 188 1899 248 tribus
1959 186 2030 247 de

173 290 432 349 Hortulo
479 313 550 349 ex
595 291 842 350 editione
880 289 1341 372 Nol-inhergensi
1386 297 1675 373 excerptis
1720 293 1873 350 haud
1915 292 2034 351 ille-

172 395 321 474 pidis
391 397 777 474 Protreptieis
860 396 1093 454 editioni
1173 397 1304 454 huie
1382 397 1593 455 addidi.
1727 397 2037 457 Caeterum

174 501 375 576 doleO‚
440 521 528 559 me
602 501 944 559 destitutum
1015 503 1194 561 fuisse
1264 523 1374 581 ope
1449 501 1730 560 Codicum
1796 501 2040 559 aliorum

173 606 362 666 MSS.
409 628 657 687 quorum
700 608 970 685 princeps
1016 607 1216 667 forsan
1257 608 1317 665 in
1373 607 1597 667 seriniis
1640 605 2037 665 Bibliothecae

177 711 242 770 S.
269 711 554 770 Gallensis
600 710 756 769 latet.

348 817 419 874 In
473 815 933 897 Antiquitatibus
989 813 1269 876 liotanicis
1325 819 1538 897 primas
1597 826 1818 875 tantum
1860 814 2040 874 lineas

176 920 389 979 Florae
447 922 664 1000 patriae
724 924 1076 981 constituere
1134 926 1384 999 tentavi,
1440 923 1624 1003 qualis
1685 921 2042 1001 temporibus

176 1026 583 1107 antiquissimis
642 1028 849 1102 fuerit,
916 1038 974 1085 et
1043 1029 1334 1108 quomodo
1402 1026 1726 1086 labentibus
1800 1026 2043 1086 saeculis

175 1141 390 1190 mutata
444 1134 519 1189 sit
575 1135 634 1190 in
689 1153 853 1207 eam,
921 1153 1034 1211 qua
1078 1142 1279 1191 nostra
1322 1142 1507 1191 aetate
1553 1132 1885 1212 gaudemus·
1973 1127 2046 1189 Id

177 1259 343 1314 opus,
389 1234 566 1294 multa
618 1237 850 1316 quidem
895 1246 1187 1295 versatum
1217 1260 1409 1312 manu,
1455 1237 1753 1317 multoque
1789 1233 2046 1313 invigila-

173 1325 295 1399 tum
341 1341 573 1417 labore,
619 1342 880 1400 omnibus
925 1347 1177 1402 numeris
1224 1344 1580 1403 absolvendo
1625 1346 1836 1421 impar:
1891 1344 2046 1423 frag-

175 1458 365 1505 menta
410 1447 664 1505 eiusdem
708 1447 959 1526 aliquot,
1009 1449 1095 1504 rei
1137 1445 1437 1505 herbariae
1481 1447 1756 1504 studiosis
1800 1444 2047 1502 forsitan

162 1551 326 1609 ¹haud
379 1552 634 1630 ingrata,
706 1549 819 1607 hoc
875 1549 1008 1607 loeo
1069 1550 1338 1624 offeram,
1407 1572 1586 1630 quae,
1653 1572 1757 1608 eeu
1815 1560 2048 1609 tenuem

178 1652 370 1729 operis
438 1650 630 1730 magni
697 1669 926 1726 orsum,
1002 1650 1219 1710 iudices
1286 1655 1610 1711 severiores
1675 1654 1910 1711 nimium
1973 1674 2047 1713 ne

176 1765 433 1833 carpant,
479 1764 619 1832 opto
666 1776 953 1835 rogoque.

347 1859 658 1920 Coronidis
704 1859 835 1918 loeo
884 1861 1071 1939 capita
1116 1861 1341 1942 aliquot
1384 1859 1575 1921 Macri
1621 1861 1691 1922 de
1735 1859 2047 1921 herbarum

164 1963 480 2022 'virtutibus
538 1965 727 2042 iunxi5
795 1967 990 2043 spuria
1049 1968 1163 2024 sint
1221 1989 1293 2024 an
1348 1970 1628 2048 genuina,
1686 1970 1744 2024 in
1798 1966 2047 2026 medium

174 2069 522 2149 relinquens.
604 2070 873 2143 Quorum
917 2071 1117 2129 decem
1159 2075 1357 2149 priora
1405 2073 1638 2149 depinxi
1675 2073 1746 2129 al)
1796 2054 2046 2130 editione

170 2173 358 2231 Macri
401 2173 784 2251 Neapolitana
836 2172 1054 2250 1477,
1111 2174 1311 2233 decem
1358 2175 1540 2234 altera
1583 2179 1810 2235 restitui
1856 2198 1886 2234 e
1935 2176 2049 2234 Co-

171 2276 296 2335 dice
357 2276 492 2334 MS.
555 2275 951 2335 Bibliothecae
992 2275 1557 2355 Guelpherbitanae3
1616 2299 1765 2358 quae
1811 2290 2050 2358 accepta

172 2381 368 2438 resero
428 2382 724 2439 Lcoov-mo
784 2382 1115 2457 Cnoumzw,
1186 2392 1361 2463 atque
1431 2383 1649 2441 idcirco
1705 2383 1840 2441 huic
1896 2383 2048 2443 libro

175 2484 535 2564 adiungenda
581 2468 808 2560 censui,
865 2496 933 2543 ut
989 2497 1124 2564 post
1181 2490 1417 2544 iteratas
1463 2489 1595 2546 Viri
1639 2488 1807 2546 huius
1855 2488 2049 2547 claris-

176 2590 301 2646 simi
364 2590 423 2647 in
486 2588 825 2647 illustrando
893 2597 1067 2668 poeta
1132 2590 1472 2670 gravissimo
1541 2613 1742 2667 curas⁹
1817 2613 2049 2652 carmen

174 2692 363 2751 Macri
437 2695 726 2774 integrum
799 2695 1030 2754 tandem
1107 2694 1421 2755 medicinae
1494 2698 1709 2756 veteris
1774 2696 2048 2757 studiosis

176 2796 419 2876 legatur.

348 2948 687 3009 Scribeham
729 2953 1004 3033 Rizingae
1048 2954 1121 3013 ad
1163 2955 1465 3036 Moenum,
1508 2957 1569 3017 in
1610 2955 1803 3038 vigilia
1831 2954 2047 3014 Nativi-

178 3057 308 3111 tatis
352 3056 590 3115 Domini
632 3056 1239 3126 MDCCCXXXIIL

1700 3200 1959 3259 Rnuss.
