<?xml version="1.0" encoding="UTF-8"?>
<!DOCTYPE html PUBLIC "-//W3C//DTD XHTML 1.0 Transitional//EN"
    "http://www.w3.org/TR/xhtml1/DTD/xhtml1-transitional.dtd">
<html xmlns="http://www.w3.org/1999/xhtml" xml:lang="en" lang="en">
 <head>
  <title>
</title>
<meta http-equiv="Content-Type" content="text/html;charset=utf-8" />
  <meta name='ocr-system' content='tesseract 3.04.00' />
  <meta name='ocr-capabilities' content='ocr_page ocr_carea ocr_par ocr_line ocrx_word'/>
</head>
<body>
  <div class='ocr_page' id='page_1' title='image "./walafridistrabih00wala_0055.png"; bbox 0 0 2153 3661; ppageno 0'>
   <div class='ocr_carea' id='block_1_1' title="bbox 1968 144 2058 205">
    <p class='ocr_par' dir='ltr' id='par_1_1' title="bbox 1968 144 2058 205">
     <span class='ocr_line' id='line_1_1' title="bbox 1968 144 2058 205; baseline 0.033 -3"><span class='ocrx_word' id='word_1_1' title='bbox 1968 144 2058 205; x_wconf 67' lang='lat'>45</span> 
     </span>
    </p>
   </div>
   <div class='ocr_carea' id='block_1_2' title="bbox 164 310 2057 393">
    <p class='ocr_par' dir='ltr' id='par_1_2' title="bbox 164 310 2057 393">
     <span class='ocr_line' id='line_1_2' title="bbox 164 310 2057 393; baseline -0.001 -19"><span class='ocrx_word' id='word_1_2' title='bbox 164 313 410 393; x_wconf 61' lang='lat' dir='ltr'>singulis</span> <span class='ocrx_word' id='word_1_3' title='bbox 458 310 793 393; x_wconf 81' lang='lat' dir='ltr'>quercubus</span> <span class='ocrx_word' id='word_1_4' title='bbox 834 314 1056 372; x_wconf 58' lang='lat' dir='ltr'>&gt;cavatis</span> <span class='ocrx_word' id='word_1_5' title='bbox 1114 313 1423 392; x_wconf 72' lang='lat' dir='ltr'>navigant,</span> <span class='ocrx_word' id='word_1_6' title='bbox 1477 333 1726 392; x_wconf 80' lang='lat' dir='ltr'>quarum</span> <span class='ocrx_word' id='word_1_7' title='bbox 1776 315 2057 393; x_wconf 77' lang='lat' dir='ltr'>quaedam</span> 
     </span>
    </p>
   </div>
   <div class='ocr_carea' id='block_1_3' title="bbox 167 418 1235 498">
    <p class='ocr_par' dir='ltr' id='par_1_3' title="bbox 167 418 1235 498">
     <span class='ocr_line' id='line_1_3' title="bbox 167 418 1235 498; baseline 0 -21"><span class='ocrx_word' id='word_1_8' title='bbox 167 432 224 477; x_wconf 80' lang='lat' dir='ltr'>et</span> <span class='ocrx_word' id='word_1_9' title='bbox 276 423 507 498; x_wconf 66' lang='lat' dir='ltr'>triginta</span> <span class='ocrx_word' id='word_1_10' title='bbox 555 420 814 478; x_wconf 87' lang='lat' dir='ltr'>homines</span> <span class='ocrx_word' id='word_1_11' title='bbox 859 418 1117 478; x_wconf 71' lang='lat' dir='ltr'>ferunt-⁶⁶</span> <span class='ocrx_word' id='word_1_12' title='bbox 1175 454 1235 460; x_wconf 37' lang='grc' dir='ltr'>-ῳ</span> 
     </span>
    </p>
   </div>
   <div class='ocr_carea' id='block_1_4' title="bbox 615 580 1593 662">
    <p class='ocr_par' dir='ltr' id='par_1_4' title="bbox 615 580 1593 662">
     <span class='ocr_line' id='line_1_4' title="bbox 615 580 1593 662; baseline 0.001 -21"><span class='ocrx_word' id='word_1_13' title='bbox 615 582 696 641; x_wconf 88' lang='grc' dir='ltr'><strong>Π.</strong></span> <span class='ocrx_word' id='word_1_14' title='bbox 785 580 1024 641; x_wconf 83' lang='lat' dir='ltr'>Alnus</span> <span class='ocrx_word' id='word_1_15' title='bbox 1083 582 1461 662; x_wconf 75' lang='lat' dir='ltr'>glutinosa</span> <span class='ocrx_word' id='word_1_16' title='bbox 1519 585 1593 643; x_wconf 84' lang='lat' dir='ltr'>L.</span> 
     </span>
    </p>
   </div>
   <div class='ocr_carea' id='block_1_5' title="bbox 161 732 2057 1131">
    <p class='ocr_par' dir='ltr' id='par_1_5' title="bbox 161 732 2057 1131">
     <span class='ocr_line' id='line_1_5' title="bbox 337 732 2056 816; baseline 0.002 -24"><span class='ocrx_word' id='word_1_17' title='bbox 337 732 557 812; x_wconf 64' lang='lat' dir='ltr'>Rlagna</span> <span class='ocrx_word' id='word_1_18' title='bbox 601 732 797 791; x_wconf 82' lang='lat' dir='ltr'>habita</span> <span class='ocrx_word' id='word_1_19' title='bbox 852 735 911 791; x_wconf 90' lang='lat' dir='ltr'>in</span> <span class='ocrx_word' id='word_1_20' title='bbox 956 732 1272 813; x_wconf 71' lang='lat' dir='ltr'>religione,</span> <span class='ocrx_word' id='word_1_21' title='bbox 1328 734 1618 792; x_wconf 78' lang='lat' dir='ltr'>Veterum</span> <span class='ocrx_word' id='word_1_22' title='bbox 1662 734 1858 816; x_wconf 75' lang='lat' dir='ltr'>lingua</span> <span class='ocrx_word' id='word_1_23' title='bbox 1905 736 2056 795; x_wconf 80' lang='lat' dir='ltr'>dicta</span> 
     </span>
     <span class='ocr_line' id='line_1_6' title="bbox 164 835 2053 916; baseline 0.004 -23"><span class='ocrx_word' id='word_1_24' title='bbox 164 835 467 912; x_wconf 66' lang='lat' dir='ltr'>Ellcnlun,</span> <span class='ocrx_word' id='word_1_25' title='bbox 522 837 730 896; x_wconf 88' lang='lat' dir='ltr'>Ellern</span> <span class='ocrx_word' id='word_1_26' title='bbox 789 836 1114 916; x_wconf 83' lang='lat' dir='ltr'>(Ellenblot</span> <span class='ocrx_word' id='word_1_27' title='bbox 1164 836 1226 914; x_wconf 81' lang='lat'>⁹).</span> <span class='ocrx_word' id='word_1_28' title='bbox 1316 839 1474 895; x_wconf 74' lang='lat' dir='ltr'>Hist.</span> <span class='ocrx_word' id='word_1_29' title='bbox 1534 852 1648 896; x_wconf 89' lang='lat' dir='ltr'>nat.</span> <span class='ocrx_word' id='word_1_30' title='bbox 1712 843 1885 901; x_wconf 79' lang='lat' dir='ltr'><strong>XVI.</strong></span> <span class='ocrx_word' id='word_1_31' title='bbox 1946 843 2053 901; x_wconf 74' lang='lat'>26.</span> 
     </span>
     <span class='ocr_line' id='line_1_7' title="bbox 162 943 2057 1027; baseline 0.005 -28"><span class='ocrx_word' id='word_1_32' title='bbox 162 943 446 1023; x_wconf 54' lang='lat' dir='ltr'>Iieyssler</span> <span class='ocrx_word' id='word_1_33' title='bbox 489 946 842 1026; x_wconf 64' lang='lat' dir='ltr'>Antiqu&#39;itat.</span> <span class='ocrx_word' id='word_1_34' title='bbox 892 944 1330 1023; x_wconf 75' lang='lat' dir='ltr'><strong>septentrional.</strong></span> <span class='ocrx_word' id='word_1_35' title='bbox 1394 968 1527 1027; x_wconf 71' lang='lat' dir='ltr'>pag.</span> <span class='ocrx_word' id='word_1_36' title='bbox 1580 946 1684 1005; x_wconf 82' lang='lat'>70.</span> <span class='ocrx_word' id='word_1_37' title='bbox 1764 983 1823 990; x_wconf 86' lang='lat'>-—</span> <span class='ocrx_word' id='word_1_38' title='bbox 1904 952 2057 1008; x_wconf 83' lang='lat' dir='ltr'>Tor-</span> 
     </span>
     <span class='ocr_line' id='line_1_8' title="bbox 161 1049 2055 1131; baseline 0.002 -23"><span class='ocrx_word' id='word_1_39' title='bbox 161 1049 335 1128; x_wconf 68' lang='lat' dir='ltr'>gillus</span> <span class='ocrx_word' id='word_1_40' title='bbox 382 1050 628 1110; x_wconf 76' lang='lat' dir='ltr'>Arnkiel</span> <span class='ocrx_word' id='word_1_41' title='bbox 685 1051 756 1109; x_wconf 87' lang='lat' dir='ltr'>dc</span> <span class='ocrx_word' id='word_1_42' title='bbox 813 1051 1096 1131; x_wconf 71' lang='lat' dir='ltr'>religione</span> <span class='ocrx_word' id='word_1_43' title='bbox 1154 1051 1342 1110; x_wconf 85' lang='lat' dir='ltr'>ethica</span> <span class='ocrx_word' id='word_1_44' title='bbox 1402 1052 1776 1112; x_wconf 79' lang='lat' dir='ltr'>Cimbrorum</span> <span class='ocrx_word' id='word_1_45' title='bbox 1833 1056 1884 1116; x_wconf 84' lang='grc' dir='ltr'><strong>Ῑ.</strong></span> <span class='ocrx_word' id='word_1_46' title='bbox 1946 1055 2055 1113; x_wconf 72' lang='lat'>50.</span> 
     </span>
    </p>
   </div>
   <div class='ocr_carea' id='block_1_6' title="bbox 247 1249 2051 1481">
    <p class='ocr_par' dir='ltr' id='par_1_6' title="bbox 247 1249 2051 1481">
     <span class='ocr_line' id='line_1_9' title="bbox 710 1249 1507 1310; baseline 0 0"><span class='ocrx_word' id='word_1_47' title='bbox 710 1253 822 1310; x_wconf 87' lang='lat' dir='ltr'><strong>III.</strong></span> <span class='ocrx_word' id='word_1_48' title='bbox 912 1251 1178 1310; x_wconf 85' lang='lat' dir='ltr'>Betula</span> <span class='ocrx_word' id='word_1_49' title='bbox 1224 1249 1389 1310; x_wconf 84' lang='lat' dir='ltr'>alba</span> <span class='ocrx_word' id='word_1_50' title='bbox 1433 1253 1507 1310; x_wconf 79' lang='lat' dir='ltr'>L.</span> 
     </span>
     <span class='ocr_line' id='line_1_10' title="bbox 247 1398 2051 1481; baseline 0.004 -25"><span class='ocrx_word' id='word_1_51' title='bbox 247 1399 406 1457; x_wconf 80' lang='lat' dir='ltr'>Hist.</span> <span class='ocrx_word' id='word_1_52' title='bbox 451 1409 567 1458; x_wconf 89' lang='lat' dir='ltr'>nat.</span> <span class='ocrx_word' id='word_1_53' title='bbox 592 1400 767 1459; x_wconf 83' lang='lat' dir='ltr'><strong>XVI.</strong></span> <span class='ocrx_word' id='word_1_54' title='bbox 799 1398 901 1457; x_wconf 80' lang='grc'><strong>18.</strong></span> <span class='ocrx_word' id='word_1_55' title='bbox 951 1400 1226 1476; x_wconf 72' lang='lat' dir='ltr'>„Gaudet</span> <span class='ocrx_word' id='word_1_56' title='bbox 1268 1400 1500 1481; x_wconf 70' lang='lat' dir='ltr'>frigidis</span> <span class='ocrx_word' id='word_1_57' title='bbox 1524 1398 1774 1459; x_wconf 87' lang='lat' dir='ltr'>Betulla.</span> <span class='ocrx_word' id='word_1_58' title='bbox 1824 1401 2051 1463; x_wconf 88' lang='lat' dir='ltr'>Gallica</span> 
     </span>
    </p>
   </div>
   <div class='ocr_carea' id='block_1_7' title="bbox 158 1505 2054 1910">
    <p class='ocr_par' dir='ltr' id='par_1_7' title="bbox 158 1505 2054 1910">
     <span class='ocr_line' id='line_1_11' title="bbox 160 1505 2054 1586; baseline 0.003 -23"><span class='ocrx_word' id='word_1_59' title='bbox 160 1505 305 1566; x_wconf 82' lang='lat' dir='ltr'>haec</span> <span class='ocrx_word' id='word_1_60' title='bbox 336 1507 513 1566; x_wconf 82' lang='lat' dir='ltr'>arbor</span> <span class='ocrx_word' id='word_1_61' title='bbox 536 1507 783 1565; x_wconf 87' lang='lat' dir='ltr'>mirabili</span> <span class='ocrx_word' id='word_1_62' title='bbox 814 1506 1066 1565; x_wconf 88' lang='lat' dir='ltr'>candore</span> <span class='ocrx_word' id='word_1_63' title='bbox 1091 1516 1266 1586; x_wconf 87' lang='lat' dir='ltr'>atquc</span> <span class='ocrx_word' id='word_1_64' title='bbox 1291 1511 1592 1581; x_wconf 73' lang='lat' dir='ltr'>tenuitate,</span> <span class='ocrx_word' id='word_1_65' title='bbox 1637 1509 1912 1573; x_wconf 84' lang='lat' dir='ltr'>terribilis</span> <span class='ocrx_word' id='word_1_66' title='bbox 1939 1534 2054 1569; x_wconf 88' lang='lat' dir='ltr'>ma-</span> 
     </span>
     <span class='ocr_line' id='line_1_12' title="bbox 158 1612 2051 1694; baseline 0.002 -23"><span class='ocrx_word' id='word_1_67' title='bbox 158 1616 511 1694; x_wconf 74' lang='lat' dir='ltr'>gistratuum</span> <span class='ocrx_word' id='word_1_68' title='bbox 539 1616 739 1694; x_wconf 72' lang='lat' dir='ltr'>virgis.</span> <span class='ocrx_word' id='word_1_69' title='bbox 786 1612 1012 1687; x_wconf 85' lang='lat' dir='ltr'>Eadem</span> <span class='ocrx_word' id='word_1_70' title='bbox 1038 1613 1268 1670; x_wconf 87' lang='lat' dir='ltr'>circulis</span> <span class='ocrx_word' id='word_1_71' title='bbox 1294 1613 1588 1691; x_wconf 66' lang='lat' dir='ltr'>flexibilis9</span> <span class='ocrx_word' id='word_1_72' title='bbox 1616 1619 1756 1674; x_wconf 82' lang='lat' dir='ltr'>item</span> <span class='ocrx_word' id='word_1_73' title='bbox 1787 1616 2051 1677; x_wconf 87' lang='lat' dir='ltr'>corbium</span> 
     </span>
     <span class='ocr_line' id='line_1_13' title="bbox 160 1719 2050 1803; baseline 0.003 -26"><span class='ocrx_word' id='word_1_74' title='bbox 160 1723 401 1799; x_wconf 77' lang='lat' dir='ltr'>sportis·</span> <span class='ocrx_word' id='word_1_75' title='bbox 489 1724 767 1780; x_wconf 89' lang='lat' dir='ltr'>Bitumen</span> <span class='ocrx_word' id='word_1_76' title='bbox 823 1745 896 1780; x_wconf 84' lang='lat' dir='ltr'>ex</span> <span class='ocrx_word' id='word_1_77' title='bbox 952 1744 1020 1780; x_wconf 86' lang='lat' dir='ltr'>ea</span> <span class='ocrx_word' id='word_1_78' title='bbox 1066 1719 1290 1779; x_wconf 86' lang='lat' dir='ltr'>Galliae</span> <span class='ocrx_word' id='word_1_79' title='bbox 1349 1733 1703 1803; x_wconf 82' lang='lat' dir='ltr'>excoquunt.</span> <span class='ocrx_word' id='word_1_80' title='bbox 1807 1725 1878 1781; x_wconf 90' lang='lat' dir='ltr'>In</span> <span class='ocrx_word' id='word_1_81' title='bbox 1922 1747 2050 1783; x_wconf 83' lang='lat' dir='ltr'>eos-</span> 
     </span>
     <span class='ocr_line' id='line_1_14' title="bbox 161 1823 2048 1910; baseline 0.003 -26"><span class='ocrx_word' id='word_1_82' title='bbox 161 1827 292 1886; x_wconf 83' lang='lat' dir='ltr'>dem</span> <span class='ocrx_word' id='word_1_83' title='bbox 359 1832 503 1887; x_wconf 89' lang='lat' dir='ltr'>situs</span> <span class='ocrx_word' id='word_1_84' title='bbox 572 1833 882 1888; x_wconf 80' lang='lat' dir='ltr'>comitatur</span> <span class='ocrx_word' id='word_1_85' title='bbox 949 1840 1008 1887; x_wconf 87' lang='lat' dir='ltr'>ct</span> <span class='ocrx_word' id='word_1_86' title='bbox 1066 1828 1249 1907; x_wconf 85' lang='lat' dir='ltr'>Spina</span> <span class='ocrx_word' id='word_1_87' title='bbox 1295 1823 1568 1907; x_wconf 89' lang='lat' dir='ltr'>(Prunus</span> <span class='ocrx_word' id='word_1_88' title='bbox 1615 1832 1852 1910; x_wconf 85' lang='lat' dir='ltr'>spinosa</span> <span class='ocrx_word' id='word_1_89' title='bbox 1898 1828 2048 1910; x_wconf 80' lang='lat' dir='ltr'><strong>L.?)</strong></span> 
     </span>
    </p>
   </div>
   <div class='ocr_carea' id='block_1_8' title="bbox 158 1932 1327 2014">
    <p class='ocr_par' dir='ltr' id='par_1_8' title="bbox 158 1932 1327 2014">
     <span class='ocr_line' id='line_1_15' title="bbox 158 1932 1327 2014; baseline -0.001 -21"><span class='ocrx_word' id='word_1_90' title='bbox 158 1937 490 2014; x_wconf 74' lang='lat' dir='ltr'>nuptiarum</span> <span class='ocrx_word' id='word_1_91' title='bbox 535 1936 764 1995; x_wconf 83' lang='lat' dir='ltr'>facibus</span> <span class='ocrx_word' id='word_1_92' title='bbox 812 1932 1327 2014; x_wconf 72' lang='lat' dir='ltr'>auspicatissima.“</span> 
     </span>
    </p>
   </div>
   <div class='ocr_carea' id='block_1_9' title="bbox 202 2135 2053 2345">
    <p class='ocr_par' dir='ltr' id='par_1_9' title="bbox 202 2135 2053 2345">
     <span class='ocr_line' id='line_1_16' title="bbox 202 2135 2004 2216; baseline 0.001 -21"><span class='ocrx_word' id='word_1_93' title='bbox 202 2135 313 2195; x_wconf 75' lang='lat' dir='ltr'>IV.</span> <span class='ocrx_word' id='word_1_94' title='bbox 393 2138 590 2195; x_wconf 86' lang='lat' dir='ltr'>Acer</span> <span class='ocrx_word' id='word_1_95' title='bbox 634 2135 1291 2213; x_wconf 84' lang='lat' dir='ltr'>Pseudoplatanus</span> <span class='ocrx_word' id='word_1_96' title='bbox 1337 2146 1411 2195; x_wconf 85' lang='lat' dir='ltr'>et</span> <span class='ocrx_word' id='word_1_97' title='bbox 1471 2146 1881 2216; x_wconf 86' lang='lat' dir='ltr'>campestre</span> <span class='ocrx_word' id='word_1_98' title='bbox 1929 2138 2004 2196; x_wconf 88' lang='lat' dir='ltr'>L.</span> 
     </span>
     <span class='ocr_line' id='line_1_17' title="bbox 329 2284 2053 2345; baseline 0 0"><span class='ocrx_word' id='word_1_99' title='bbox 329 2288 410 2344; x_wconf 90' lang='lat' dir='ltr'>H.</span> <span class='ocrx_word' id='word_1_100' title='bbox 456 2286 533 2345; x_wconf 89' lang='lat' dir='ltr'>N.</span> <span class='ocrx_word' id='word_1_101' title='bbox 578 2287 724 2345; x_wconf 88' lang='lat' dir='ltr'><strong>XII.</strong></span> <span class='ocrx_word' id='word_1_102' title='bbox 770 2287 819 2343; x_wconf 92' lang='lat' dir='ltr'>I.</span> <span class='ocrx_word' id='word_1_103' title='bbox 866 2285 1148 2344; x_wconf 84' lang='lat' dir='ltr'>Platanus</span> <span class='ocrx_word' id='word_1_104' title='bbox 1193 2284 1337 2343; x_wconf 87' lang='lat' dir='ltr'>haec</span> <span class='ocrx_word' id='word_1_105' title='bbox 1397 2295 1486 2343; x_wconf 84' lang='lat' dir='ltr'>est</span> <span class='ocrx_word' id='word_1_106' title='bbox 1544 2295 1602 2343; x_wconf 85' lang='lat' dir='ltr'>et</span> <span class='ocrx_word' id='word_1_107' title='bbox 1645 2289 1758 2343; x_wconf 87' lang='lat' dir='ltr'>iam</span> <span class='ocrx_word' id='word_1_108' title='bbox 1804 2285 1876 2342; x_wconf 79' lang='lat' dir='ltr'>ad</span> <span class='ocrx_word' id='word_1_109' title='bbox 1920 2288 2053 2345; x_wconf 87' lang='lat' dir='ltr'>Mo-</span> 
     </span>
    </p>
   </div>
   <div class='ocr_carea' id='block_1_10' title="bbox 154 2392 2049 3008">
    <p class='ocr_par' dir='ltr' id='par_1_10' title="bbox 154 2392 2049 3008">
     <span class='ocr_line' id='line_1_18' title="bbox 157 2392 2049 2473; baseline -0.001 -20"><span class='ocrx_word' id='word_1_110' title='bbox 157 2397 319 2453; x_wconf 87' lang='lat' dir='ltr'>rinos</span> <span class='ocrx_word' id='word_1_111' title='bbox 376 2415 565 2473; x_wconf 87' lang='lat' dir='ltr'>usque</span> <span class='ocrx_word' id='word_1_112' title='bbox 623 2402 932 2472; x_wconf 71' lang='lat' dir='ltr'>pervecta,</span> <span class='ocrx_word' id='word_1_113' title='bbox 990 2392 1062 2448; x_wconf 84' lang='lat' dir='ltr'>ad</span> <span class='ocrx_word' id='word_1_114' title='bbox 1118 2392 1487 2457; x_wconf 80' lang='lat' dir='ltr'>tributarium</span> <span class='ocrx_word' id='word_1_115' title='bbox 1535 2394 1706 2450; x_wconf 85' lang='lat' dir='ltr'>ctiam</span> <span class='ocrx_word' id='word_1_116' title='bbox 1750 2395 2049 2471; x_wconf 87' lang='lat' dir='ltr'>pertinens</span> 
     </span>
     <span class='ocr_line' id='line_1_19' title="bbox 158 2499 2047 2582; baseline -0.001 -22"><span class='ocrx_word' id='word_1_117' title='bbox 158 2501 379 2576; x_wconf 75' lang='lat' dir='ltr'>solum,</span> <span class='ocrx_word' id='word_1_118' title='bbox 435 2511 501 2559; x_wconf 87' lang='lat' dir='ltr'>ut</span> <span class='ocrx_word' id='word_1_119' title='bbox 562 2511 767 2582; x_wconf 75' lang='lat' dir='ltr'>gentes</span> <span class='ocrx_word' id='word_1_120' title='bbox 815 2499 1066 2579; x_wconf 71' lang='lat' dir='ltr'>vectigal</span> <span class='ocrx_word' id='word_1_121' title='bbox 1113 2509 1170 2557; x_wconf 81' lang='lat' dir='ltr'>et</span> <span class='ocrx_word' id='word_1_122' title='bbox 1213 2521 1325 2579; x_wconf 89' lang='lat' dir='ltr'>pro</span> <span class='ocrx_word' id='word_1_123' title='bbox 1372 2499 1578 2557; x_wconf 85' lang='lat' dir='ltr'>umbra</span> <span class='ocrx_word' id='word_1_124' title='bbox 1623 2499 1919 2578; x_wconf 72' lang='lat' dir='ltr'>pendant⁶⁶</span> <span class='ocrx_word' id='word_1_125' title='bbox 1964 2502 2047 2559; x_wconf 86' lang='lat' dir='ltr'>H.</span> 
     </span>
     <span class='ocr_line' id='line_1_20' title="bbox 155 2605 2048 2687; baseline -0.001 -19"><span class='ocrx_word' id='word_1_126' title='bbox 155 2608 230 2668; x_wconf 83' lang='lat' dir='ltr'>N.</span> <span class='ocrx_word' id='word_1_127' title='bbox 277 2609 450 2668; x_wconf 85' lang='lat' dir='ltr'><strong>XVI.</strong></span> <span class='ocrx_word' id='word_1_128' title='bbox 504 2605 608 2665; x_wconf 79' lang='grc'><strong>15.</strong></span> <span class='ocrx_word' id='word_1_129' title='bbox 679 2609 881 2683; x_wconf 76' lang='lat' dir='ltr'>„Acer</span> <span class='ocrx_word' id='word_1_130' title='bbox 937 2606 1164 2681; x_wconf 74' lang='lat' dir='ltr'>album,</span> <span class='ocrx_word' id='word_1_131' title='bbox 1223 2606 1384 2687; x_wconf 82' lang='lat' dir='ltr'>quod</span> <span class='ocrx_word' id='word_1_132' title='bbox 1429 2610 1695 2686; x_wconf 84' lang='lat' dir='ltr'>pracipui</span> <span class='ocrx_word' id='word_1_133' title='bbox 1743 2606 2048 2685; x_wconf 82' lang='lat' dir='ltr'>candoris.,</span> 
     </span>
     <span class='ocr_line' id='line_1_21' title="bbox 154 2713 2047 2794; baseline -0.001 -21"><span class='ocrx_word' id='word_1_134' title='bbox 154 2725 400 2774; x_wconf 76' lang='lat' dir='ltr'>vocatur</span> <span class='ocrx_word' id='word_1_135' title='bbox 425 2713 741 2774; x_wconf 85' lang='lat' dir='ltr'>Gallicum:</span> <span class='ocrx_word' id='word_1_136' title='bbox 787 2714 1034 2773; x_wconf 85' lang='lat' dir='ltr'>alterum</span> <span class='ocrx_word' id='word_1_137' title='bbox 1080 2735 1265 2794; x_wconf 75' lang='lat' dir='ltr'>genus</span> <span class='ocrx_word' id='word_1_138' title='bbox 1313 2716 1508 2792; x_wconf 88' lang='lat' dir='ltr'>crispo</span> <span class='ocrx_word' id='word_1_139' title='bbox 1544 2713 1899 2771; x_wconf 82' lang='lat' dir='ltr'>macularum</span> <span class='ocrx_word' id='word_1_140' title='bbox 1937 2714 2047 2771; x_wconf 84' lang='lat' dir='ltr'>dis-</span> 
     </span>
     <span class='ocr_line' id='line_1_22' title="bbox 157 2818 2046 2902; baseline 0 -23"><span class='ocrx_word' id='word_1_141' title='bbox 157 2843 355 2896; x_wconf 73' lang='lat' dir='ltr'>cursu⁷</span> <span class='ocrx_word' id='word_1_142' title='bbox 403 2823 503 2902; x_wconf 87' lang='lat' dir='ltr'>qui</span> <span class='ocrx_word' id='word_1_143' title='bbox 550 2844 681 2880; x_wconf 92' lang='lat' dir='ltr'>cum</span> <span class='ocrx_word' id='word_1_144' title='bbox 727 2820 1107 2880; x_wconf 83' lang='lat' dir='ltr'>excellentior</span> <span class='ocrx_word' id='word_1_145' title='bbox 1151 2819 1284 2894; x_wconf 70' lang='lat' dir='ltr'>fuit,</span> <span class='ocrx_word' id='word_1_146' title='bbox 1331 2840 1363 2874; x_wconf 91' lang='lat' dir='ltr'>a</span> <span class='ocrx_word' id='word_1_147' title='bbox 1411 2818 1781 2878; x_wconf 86' lang='lat' dir='ltr'>similitudine</span> <span class='ocrx_word' id='word_1_148' title='bbox 1830 2820 2046 2879; x_wconf 84' lang='lat' dir='ltr'>caudae</span> 
     </span>
     <span class='ocr_line' id='line_1_23' title="bbox 155 2925 2046 3008; baseline 0 -23"><span class='ocrx_word' id='word_1_149' title='bbox 155 2949 450 3007; x_wconf 83' lang='lat' dir='ltr'>pavonum</span> <span class='ocrx_word' id='word_1_150' title='bbox 503 2948 717 2986; x_wconf 87' lang='lat' dir='ltr'>nomen</span> <span class='ocrx_word' id='word_1_151' title='bbox 767 2931 1027 3008; x_wconf 78' lang='lat' dir='ltr'>accepit,</span> <span class='ocrx_word' id='word_1_152' title='bbox 1086 2928 1147 2985; x_wconf 84' lang='lat' dir='ltr'>in</span> <span class='ocrx_word' id='word_1_153' title='bbox 1190 2927 1365 2986; x_wconf 82' lang='lat' dir='ltr'>Istria</span> <span class='ocrx_word' id='word_1_154' title='bbox 1409 2925 1778 3008; x_wconf 79' lang='lat' dir='ltr'>Rhaetiaque</span> <span class='ocrx_word' id='word_1_155' title='bbox 1825 2929 2046 3008; x_wconf 85' lang='lat' dir='ltr'>praeci-</span> 
     </span>
    </p>
   </div>
   <div class='ocr_carea' id='block_1_11' title="bbox 154 3031 511 3114">
    <p class='ocr_par' dir='ltr' id='par_1_11' title="bbox 154 3031 511 3114">
     <span class='ocr_line' id='line_1_24' title="bbox 154 3031 511 3114; baseline -0.003 -23"><span class='ocrx_word' id='word_1_156' title='bbox 154 3031 395 3114; x_wconf 73' lang='lat' dir='ltr'>puum.“</span> <span class='ocrx_word' id='word_1_157' title='bbox 452 3067 511 3073; x_wconf 88' lang='lat'>—</span> 
     </span>
    </p>
   </div>
   <div class='ocr_carea' id='block_1_12' title="bbox 158 3184 500 3200">
    <p class='ocr_par' dir='ltr' id='par_1_12' title="bbox 158 3184 500 3200">
     <span class='ocr_line' id='line_1_25' title="bbox 158 3184 500 3200; baseline 0 461"><span class='ocrx_word' id='word_1_158' title='bbox 158 3184 500 3200; x_wconf 95' lang='lat' dir='ltr'> </span> 
     </span>
    </p>
   </div>
   <div class='ocr_carea' id='block_1_13' title="bbox 267 3260 1804 3322">
    <p class='ocr_par' dir='ltr' id='par_1_13' title="bbox 267 3260 1804 3322">
     <span class='ocr_line' id='line_1_26' title="bbox 267 3260 1804 3322; baseline 0.002 -17"><span class='ocrx_word' id='word_1_159' title='bbox 267 3262 324 3317; x_wconf 74' lang='lat'>9)</span> <span class='ocrx_word' id='word_1_160' title='bbox 354 3264 577 3318; x_wconf 82' lang='lat' dir='ltr'>Isidorus,</span> <span class='ocrx_word' id='word_1_161' title='bbox 610 3265 786 3322; x_wconf 78' lang='lat' dir='ltr'>origin.</span> <span class='ocrx_word' id='word_1_162' title='bbox 820 3261 975 3311; x_wconf 79' lang='lat' dir='ltr'><strong>XVII.</strong></span> <span class='ocrx_word' id='word_1_163' title='bbox 1010 3263 1056 3310; x_wconf 84' lang='grc'><strong>’7.</strong></span> <span class='ocrx_word' id='word_1_164' title='bbox 1089 3260 1163 3307; x_wconf 80' lang='lat' dir='ltr'>Du</span> <span class='ocrx_word' id='word_1_165' title='bbox 1194 3262 1346 3318; x_wconf 70' lang='lat' dir='ltr'>Gange</span> <span class='ocrx_word' id='word_1_166' title='bbox 1377 3262 1580 3309; x_wconf 83' lang='lat' dir='ltr'>Glossar.</span> <span class='ocrx_word' id='word_1_167' title='bbox 1612 3262 1652 3307; x_wconf 89' lang='lat'>1.</span> <span class='ocrx_word' id='word_1_168' title='bbox 1690 3260 1804 3308; x_wconf 75' lang='lat'><strong>160.</strong></span> 
     </span>
    </p>
   </div>
  </div>
 </body>
</html>
